timestamp,voltage,soc,soh
2026-03-10T14:30:35.764864,25.19,99.17637829969188,99.99
2026-03-10T14:30:36.771824,25.19,98.79186482971821,99.97999999999999
2026-03-10T14:30:37.776880,25.15,98.0761094226674,99.96999999999998
2026-03-10T14:30:38.791760,25.13,97.52434224206182,99.95999999999998
2026-03-10T14:30:39.804320,25.16,97.4919155779968,99.94999999999997
2026-03-10T14:30:40.818580,25.14,97.43573694510778,99.93999999999997
2026-03-10T14:30:41.826779,25.09,97.01777292208651,99.92999999999996
2026-03-10T14:30:42.834966,25.13,96.8016840748192,99.91999999999996
2026-03-10T14:30:43.845520,25.09,96.02657835693988,99.90999999999995
2026-03-10T14:30:44.875267,25.06,95.86770734607705,99.89999999999995
2026-03-10T14:34:58.346359,25.19,99.15958575641649,99.99
2026-03-10T14:34:59.355275,25.16,98.32201426667508,99.97999999999999
2026-03-10T14:35:00.369106,25.15,98.23101594429995,99.96999999999998
2026-03-10T14:35:01.373584,25.14,97.26295420106233,99.95999999999998
2026-03-10T14:35:02.388094,25.11,96.90653275685914,99.94999999999997
2026-03-10T14:35:03.402527,25.03,96.28667105886707,99.93999999999997
2026-03-10T14:35:04.416257,25.04,96.06386671340618,99.92999999999996
2026-03-10T14:35:05.426218,25.05,95.18995540948946,99.91999999999996
2026-03-10T14:35:06.426756,25.07,95.03862696938876,99.90999999999995
2026-03-10T14:35:07.437226,25.06,94.04552709343092,99.89999999999995
2026-03-11T09:45:22.932500,25.17,99.47898088563976,99.99
2026-03-11T09:45:22.932812,25.18,99.05217483729838,99.97999999999999
2026-03-11T09:45:22.933040,25.12,98.09663892464424,99.96999999999998
2026-03-11T09:45:22.933238,25.11,97.44890476898703,99.95999999999998
2026-03-11T09:45:22.933404,25.11,97.16762103354884,99.94999999999997
2026-03-11T09:45:22.933549,25.08,97.14635914648869,99.93999999999997
2026-03-11T09:45:22.933689,25.07,96.81442031569529,99.92999999999996
2026-03-11T09:45:22.933815,25.07,96.59505375830355,99.91999999999996
2026-03-11T09:45:22.933941,25.04,96.52326852255243,99.90999999999995
2026-03-11T09:45:22.934070,24.98,95.89604578948655,99.89999999999995
2026-03-11T09:45:22.934193,24.93,94.97299118877376,99.88999999999994
2026-03-11T09:45:22.934312,24.93,94.68205177355009,99.87999999999994
2026-03-11T09:45:22.934433,24.88,94.06469310987626,99.86999999999993
2026-03-11T09:45:22.934560,24.84,93.56287850835508,99.85999999999993
2026-03-11T09:45:22.934750,24.75,92.57733962830052,99.84999999999992
2026-03-11T09:45:22.934873,24.8,92.53200484773299,99.83999999999992
2026-03-11T09:45:22.935001,24.73,92.13150067330582,99.82999999999991
2026-03-11T09:45:22.935120,24.72,91.35007107900687,99.81999999999991
2026-03-11T09:45:22.935239,24.7,91.22855406612685,99.8099999999999
2026-03-11T09:45:22.935445,24.7,91.10576808610558,99.7999999999999
2026-03-11T09:45:22.935624,24.69,90.74040287961236,99.78999999999989
2026-03-11T09:45:22.935778,24.7,90.10139325849414,99.77999999999989
2026-03-11T09:45:22.935920,24.69,89.66236996885,99.76999999999988
2026-03-11T09:45:22.936056,24.65,88.68936968554318,99.75999999999988
2026-03-11T09:45:22.936189,24.69,88.58799262471254,99.74999999999987
2026-03-11T09:45:22.936314,24.68,88.3014713374844,99.73999999999987
2026-03-11T09:45:22.936444,24.67,87.76882364116926,99.72999999999986
2026-03-11T09:45:22.936566,24.68,87.54740782549443,99.71999999999986
2026-03-11T09:45:22.936719,24.72,87.48733198072416,99.70999999999985
2026-03-11T09:45:22.936966,24.68,86.82770524446055,99.69999999999985
2026-03-11T09:45:22.937159,24.68,86.36149228420017,99.68999999999984
2026-03-11T09:45:22.937313,24.66,85.81967964462879,99.67999999999984
2026-03-11T09:45:22.937451,24.68,85.76787233643024,99.66999999999983
2026-03-11T09:45:22.937582,24.65,84.87881492282956,99.65999999999983
2026-03-11T09:45:22.937707,24.68,83.90178273633408,99.64999999999982
2026-03-11T09:45:22.937832,24.67,83.29476572722375,99.63999999999982
2026-03-11T09:45:22.937959,24.66,82.51854726656441,99.62999999999981
2026-03-11T09:45:22.938085,24.65,81.59972541498259,99.6199999999998
2026-03-11T09:45:22.938206,24.65,80.64656179301599,99.6099999999998
2026-03-11T09:45:22.938363,24.69,80.44308405253085,99.5999999999998
2026-03-11T09:45:22.938636,24.67,79.52853019656553,99.58999999999979
2026-03-11T09:45:22.938811,24.64,78.53659984192088,99.57999999999979
2026-03-11T09:45:22.938972,24.67,78.09073613946589,99.56999999999978
2026-03-11T09:45:22.939117,24.67,77.74706420664837,99.55999999999977
2026-03-11T09:45:22.939258,24.66,77.65226450179051,99.54999999999977
2026-03-11T09:45:22.939402,24.66,76.92182756984353,99.53999999999976
2026-03-11T09:45:22.939571,24.68,76.89521742424809,99.52999999999976
2026-03-11T09:45:22.939719,24.65,76.46618161664053,99.51999999999975
2026-03-11T09:45:22.939998,24.65,76.32930737249148,99.50999999999975
2026-03-11T09:45:22.940159,24.66,75.97542711083648,99.49999999999974
2026-03-11T09:45:22.940306,24.64,75.4424672513218,99.48999999999974
2026-03-11T09:45:22.940446,24.66,74.54609176374288,99.47999999999973
2026-03-11T09:45:22.940606,24.66,74.40429387215306,99.46999999999973
2026-03-11T09:45:22.940739,24.67,74.37333507934476,99.45999999999972
2026-03-11T09:45:22.940862,24.66,73.99140960333983,99.44999999999972
2026-03-11T09:45:22.940985,24.63,73.00273118598157,99.43999999999971
2026-03-11T09:45:22.941111,24.62,72.42057824099233,99.42999999999971
2026-03-11T09:45:22.941235,24.65,71.7707584830802,99.4199999999997
2026-03-11T09:45:22.941356,24.62,71.12288394476879,99.4099999999997
2026-03-11T09:45:22.941474,24.61,70.17895857410078,99.3999999999997
2026-03-11T09:45:22.941599,24.63,70.11402479212869,99.38999999999969
2026-03-11T09:45:22.941757,24.63,69.2053024875043,99.37999999999968
2026-03-11T09:45:22.941880,24.63,68.42818234406496,99.36999999999968
2026-03-11T09:45:22.941999,24.63,67.9244602769592,99.35999999999967
2026-03-11T09:45:22.942116,24.62,67.30147355679028,99.34999999999967
2026-03-11T09:45:22.942234,24.62,67.22584025077651,99.33999999999966
2026-03-11T09:45:22.942352,24.61,67.009844616311,99.32999999999966
2026-03-11T09:45:22.942470,24.61,66.56919202808542,99.31999999999965
2026-03-11T09:45:22.942593,24.64,66.55473663766817,99.30999999999965
2026-03-11T09:45:22.942713,24.6,66.38207655298993,99.29999999999964
2026-03-11T09:45:22.942830,24.63,66.35177448573957,99.28999999999964
2026-03-11T09:45:22.942947,24.6,65.43553839046778,99.27999999999963
2026-03-11T09:45:22.943065,24.6,65.07339341027394,99.26999999999963
2026-03-11T09:45:22.943189,24.56,64.13844827138139,99.25999999999962
2026-03-11T09:45:22.943305,24.58,63.94442559932325,99.24999999999962
2026-03-11T09:45:22.943500,24.62,63.906870322838095,99.23999999999961
2026-03-11T09:45:22.943743,24.58,63.63105364576324,99.2299999999996
2026-03-11T09:45:22.943926,24.59,63.29965098433484,99.2199999999996
2026-03-11T09:45:22.944089,24.57,62.444965722592336,99.2099999999996
2026-03-11T09:45:22.944247,24.58,61.75938348968956,99.19999999999959
2026-03-11T09:45:22.944384,24.58,61.72229453044021,99.18999999999959
2026-03-11T09:45:22.944513,24.57,60.97904931803916,99.17999999999958
2026-03-11T09:45:22.944744,24.57,60.42283542545502,99.16999999999958
2026-03-11T09:45:22.944928,24.58,60.35581303038805,99.15999999999957
2026-03-11T09:45:22.945098,24.55,59.42449946456816,99.14999999999957
2026-03-11T09:45:22.945248,24.53,58.49286206205529,99.13999999999956
2026-03-11T09:45:22.945374,24.54,58.24493911654084,99.12999999999955
2026-03-11T09:45:22.945520,24.56,57.99638984092922,99.11999999999955
2026-03-11T09:45:22.945648,24.57,57.966215504530524,99.10999999999954
2026-03-11T09:45:22.945777,24.53,57.17329728078595,99.09999999999954
2026-03-11T09:45:22.946200,24.51,56.19261776657187,99.08999999999953
2026-03-11T09:45:22.946503,24.54,55.77604239440158,99.07999999999953
2026-03-11T09:45:22.946714,24.54,55.05877385833255,99.06999999999952
2026-03-11T09:45:22.946873,24.52,54.18121977704207,99.05999999999952
2026-03-11T09:45:22.947013,24.52,54.093489678402285,99.04999999999951
2026-03-11T09:45:22.947169,24.53,53.41360639164465,99.03999999999951
2026-03-11T09:45:22.947296,24.51,52.59569730220922,99.0299999999995
2026-03-11T09:45:22.947419,24.54,52.559077704605976,99.0199999999995
2026-03-11T09:45:22.947654,24.5,52.207134215955776,99.0099999999995
2026-03-11T09:45:22.947845,24.51,51.365087414361156,98.99999999999949
2026-03-11T09:45:22.948002,24.5,50.371436431300104,98.98999999999948
2026-03-11T09:45:22.948151,24.51,49.733215417608434,98.97999999999948
2026-03-11T09:45:22.948283,24.5,48.74792553925093,98.96999999999947
2026-03-11T09:45:22.948524,24.51,48.1792208674916,98.95999999999947
2026-03-11T09:45:22.948694,24.48,47.53295780794246,98.94999999999946
2026-03-11T09:45:22.948840,24.5,47.291804690063245,98.93999999999946
2026-03-11T09:45:22.948977,24.46,46.530601742163235,98.92999999999945
2026-03-11T09:45:22.949107,24.49,46.28444353135385,98.91999999999945
2026-03-11T09:45:22.949237,24.5,46.20861707679805,98.90999999999944
2026-03-11T09:45:22.949365,24.49,45.43232639944507,98.89999999999944
2026-03-11T09:45:22.949609,24.46,44.54833068339284,98.88999999999943
2026-03-11T09:45:22.949739,24.46,44.196741104597415,98.87999999999943
2026-03-11T09:45:22.949861,24.48,43.67833061346351,98.86999999999942
2026-03-11T09:45:22.949980,24.46,43.40499634587757,98.85999999999942
2026-03-11T09:45:22.950098,24.45,42.53101934796851,98.84999999999941
2026-03-11T09:45:22.950235,24.49,42.49220605965008,98.8399999999994
2026-03-11T09:45:22.950354,24.47,41.84417262245264,98.8299999999994
2026-03-11T09:45:22.950485,24.43,41.160132281098605,98.8199999999994
2026-03-11T09:45:22.950610,24.46,40.82076614513484,98.80999999999939
2026-03-11T09:45:22.950729,24.46,40.612918302735764,98.79999999999939
2026-03-11T09:45:22.950849,24.47,40.43587826249387,98.78999999999938
2026-03-11T09:45:22.950967,24.47,40.36462797313156,98.77999999999938
2026-03-11T09:45:22.951085,24.44,40.26343499266458,98.76999999999937
2026-03-11T09:45:22.951201,24.43,39.80745380646373,98.75999999999937
2026-03-11T09:45:22.951347,24.46,39.71079444734493,98.74999999999936
2026-03-11T09:45:22.951472,24.44,39.539240358298336,98.73999999999936
2026-03-11T09:45:22.951605,24.45,38.99381684889569,98.72999999999935
2026-03-11T09:45:22.951726,24.41,37.999349982968766,98.71999999999935
2026-03-11T09:45:22.951844,24.45,37.87830719611648,98.70999999999934
2026-03-11T09:45:22.951970,24.45,37.536286232752346,98.69999999999933
2026-03-11T09:45:22.952087,24.42,36.573535676316425,98.68999999999933
2026-03-11T09:45:22.952206,24.41,35.70708512596357,98.67999999999932
2026-03-11T09:45:22.952323,24.41,34.91932121091693,98.66999999999932
2026-03-11T09:45:22.952490,24.4,34.3827893827957,98.65999999999931
2026-03-11T09:45:22.953039,24.43,34.22163612286291,98.64999999999931
2026-03-11T09:45:22.953371,24.42,33.584545312868215,98.6399999999993
2026-03-11T09:45:22.953603,24.4,33.34791366789094,98.6299999999993
2026-03-11T09:45:22.953775,24.4,32.97237998982331,98.6199999999993
2026-03-11T09:45:22.953923,24.39,32.157848597945005,98.60999999999929
2026-03-11T09:45:22.954071,24.42,31.923269151642472,98.59999999999928
2026-03-11T09:45:22.954207,24.43,31.69134465808799,98.58999999999928
2026-03-11T09:45:22.954336,24.41,31.661294489045744,98.57999999999927
2026-03-11T09:45:22.954462,24.38,30.805891041064957,98.56999999999927
2026-03-11T09:45:22.954586,24.42,30.62088809343012,98.55999999999926
2026-03-11T09:45:22.954729,24.41,29.85481701418228,98.54999999999926
2026-03-11T09:45:22.954983,24.4,29.17906007383732,98.53999999999925
2026-03-11T09:45:22.955229,24.4,29.138202448148224,98.52999999999925
2026-03-11T09:45:22.955470,24.4,28.41998026206182,98.51999999999924
2026-03-11T09:45:22.955698,24.41,27.769306099385382,98.50999999999924
2026-03-11T09:45:22.955855,24.4,27.611724259759892,98.49999999999923
2026-03-11T10:07:45.437507,25.19,99.52022842450387,99.99
2026-03-11T10:07:45.437852,25.18,99.028974801466,99.97999999999999
2026-03-11T10:07:45.438073,25.15,98.67752290582196,99.96999999999998
2026-03-11T10:07:45.438250,25.09,97.70582881338477,99.95999999999998
2026-03-11T10:07:45.438415,25.04,96.7505089646547,99.94999999999997
2026-03-11T10:07:45.438568,25.02,96.26927195308495,99.93999999999997
2026-03-11T10:07:45.438711,25.05,96.18925892809985,99.92999999999996
2026-03-11T10:07:45.438875,24.95,95.397532924817,99.91999999999996
2026-03-11T10:07:45.439010,24.95,94.97417555949295,99.90999999999995
2026-03-11T10:07:45.439134,24.92,94.64523429971403,99.89999999999995
2026-03-11T10:07:45.439260,24.84,93.67440489232445,99.88999999999994
2026-03-11T10:07:45.439512,24.76,92.81552136959354,99.87999999999994
2026-03-11T10:07:45.439713,24.78,92.67813112308215,99.86999999999993
2026-03-11T10:07:45.439877,24.74,92.18055741545318,99.85999999999993
2026-03-11T10:07:45.440102,24.71,91.51413901489082,99.84999999999992
2026-03-11T10:07:45.440295,24.69,90.8315318579235,99.83999999999992
2026-03-11T10:07:45.440545,24.69,90.03659550482621,99.82999999999991
2026-03-11T10:07:45.440713,24.7,89.93386324736032,99.81999999999991
2026-03-11T10:07:45.440860,24.69,89.80902978438588,99.8099999999999
2026-03-11T10:07:45.440993,24.69,89.51314538785783,99.7999999999999
2026-03-11T10:07:45.441124,24.67,88.56986098867338,99.78999999999989
2026-03-11T10:07:45.441248,24.65,87.69574695856865,99.77999999999989
2026-03-11T10:07:45.441376,24.7,87.17996173291068,99.76999999999988
2026-03-11T10:07:45.441501,24.68,86.28102976523822,99.75999999999988
2026-03-11T10:07:45.441626,24.69,85.5859175238841,99.74999999999987
2026-03-11T10:07:45.441748,24.66,84.7660563406788,99.73999999999987
2026-03-11T10:07:45.441873,24.67,84.14017230232143,99.72999999999986
2026-03-11T10:07:45.441994,24.67,83.51743505647678,99.71999999999986
2026-03-11T10:07:45.442116,24.68,83.20741288397014,99.70999999999985
2026-03-11T10:07:45.442246,24.68,83.09542256136982,99.69999999999985
2026-03-11T10:07:45.442370,24.66,82.53659137626137,99.68999999999984
2026-03-11T10:07:45.442491,24.67,81.58323151177943,99.67999999999984
2026-03-11T10:07:45.442611,24.69,81.19835946580092,99.66999999999983
2026-03-11T10:07:45.442733,24.66,80.31848328691672,99.65999999999983
2026-03-11T10:07:45.442858,24.65,79.45730301810673,99.64999999999982
2026-03-11T10:07:45.442979,24.65,78.5009973191267,99.63999999999982
2026-03-11T10:07:45.443099,24.66,78.38681196546385,99.62999999999981
2026-03-11T10:07:45.443317,24.68,78.01755579175828,99.6199999999998
2026-03-11T10:07:45.443514,24.66,77.8912504037833,99.6099999999998
2026-03-11T10:07:45.443681,24.64,77.34937130087374,99.5999999999998
2026-03-11T10:07:45.443838,24.65,77.11098543721495,99.58999999999979
2026-03-11T10:07:45.444007,24.67,77.0911342162544,99.57999999999979
2026-03-11T10:07:45.444189,24.66,76.98055865892046,99.56999999999978
2026-03-11T10:07:45.444329,24.65,76.78996938903913,99.55999999999977
2026-03-11T10:07:45.444463,24.65,76.18580933182734,99.54999999999977
2026-03-11T10:07:45.444592,24.65,76.1546794758548,99.53999999999976
2026-03-11T10:07:45.444717,24.65,75.43800480431769,99.52999999999976
2026-03-11T10:07:45.444839,24.64,74.54403104130189,99.51999999999975
2026-03-11T10:07:45.444970,24.62,73.6542968044514,99.50999999999975
2026-03-11T10:07:45.445098,24.65,72.90356953917008,99.49999999999974
2026-03-11T10:07:45.445221,24.65,72.48230966103415,99.48999999999974
2026-03-11T10:07:45.445341,24.63,72.29627934618478,99.47999999999973
2026-03-11T10:07:45.445461,24.63,72.01083515117028,99.46999999999973
2026-03-11T10:07:45.445581,24.6,71.22649772706619,99.45999999999972
2026-03-11T10:07:45.445772,24.62,70.7737721110894,99.44999999999972
2026-03-11T10:07:45.445971,24.61,69.84066326810606,99.43999999999971
2026-03-11T10:07:45.446134,24.65,69.51927531457537,99.42999999999971
2026-03-11T10:07:45.446282,24.63,69.25997244740289,99.4199999999997
2026-03-11T10:07:45.446523,24.61,69.06321857563843,99.4099999999997
2026-03-11T10:07:45.446711,24.6,68.58326609833104,99.3999999999997
2026-03-11T10:07:45.446869,24.63,68.18175009127893,99.38999999999969
2026-03-11T10:07:45.447012,24.64,68.0764281713817,99.37999999999968
2026-03-11T10:07:45.447146,24.6,67.34692307756251,99.36999999999968
2026-03-11T10:07:45.447279,24.58,66.51107218947992,99.35999999999967
2026-03-11T10:07:45.447407,24.62,66.51023228330911,99.34999999999967
2026-03-11T10:07:45.447545,24.62,66.4104794581873,99.33999999999966
2026-03-11T10:07:45.447719,24.61,65.88503627716457,99.32999999999966
2026-03-11T10:07:45.447862,24.57,64.9197676238156,99.31999999999965
2026-03-11T10:07:45.447989,24.57,64.07701642408432,99.30999999999965
2026-03-11T10:07:45.448136,24.6,63.394389823683966,99.29999999999964
2026-03-11T10:07:45.448339,24.57,62.81704619686765,99.28999999999964
2026-03-11T10:07:45.448498,24.59,62.66806179399717,99.27999999999963
2026-03-11T10:07:45.448640,24.59,62.47955220452218,99.26999999999963
2026-03-11T10:07:45.448774,24.58,62.29323960214378,99.25999999999962
2026-03-11T10:07:45.448902,24.58,62.273196771376554,99.24999999999962
2026-03-11T10:07:45.449042,24.59,61.87381022620342,99.23999999999961
2026-03-11T10:07:45.449174,24.58,61.060086925977984,99.2299999999996
2026-03-11T10:07:45.449300,24.56,60.64776264372195,99.2199999999996
2026-03-11T10:07:45.449431,24.6,60.53252895912363,99.2099999999996
2026-03-11T10:07:45.449624,24.6,60.35845757501607,99.19999999999959
2026-03-11T10:07:45.449774,24.57,59.35975471154006,99.18999999999959
2026-03-11T10:07:45.449912,24.55,58.967389574845946,99.17999999999958
2026-03-11T10:07:45.450042,24.59,58.94315081735017,99.16999999999958
2026-03-11T10:07:45.450253,24.56,58.37011855870285,99.15999999999957
2026-03-11T10:07:45.450621,24.53,57.78962146588444,99.14999999999957
2026-03-11T10:07:45.450842,24.56,57.355793256229866,99.13999999999956
2026-03-11T10:07:45.451019,24.55,56.65795278553139,99.12999999999955
2026-03-11T10:07:45.451351,24.51,55.708129693135284,99.11999999999955
2026-03-11T10:07:45.451541,24.52,55.0755611881015,99.10999999999954
2026-03-11T10:07:45.451704,24.55,55.0432014986201,99.09999999999954
2026-03-11T10:07:45.451863,24.55,54.97107031880155,99.08999999999953
2026-03-11T10:07:45.452006,24.53,54.72492827608433,99.07999999999953
2026-03-11T10:07:45.452143,24.54,54.26961787562764,99.06999999999952
2026-03-11T10:07:45.452272,24.51,53.6188165558917,99.05999999999952
2026-03-11T10:07:45.452399,24.5,52.75753543589424,99.04999999999951
2026-03-11T10:07:45.452525,24.53,52.427575073393996,99.03999999999951
2026-03-11T10:07:45.452648,24.53,52.136461605428885,99.0299999999995
2026-03-11T10:07:45.452770,24.5,51.45253623120298,99.0199999999995
2026-03-11T10:07:45.452896,24.5,50.83275880073465,99.0099999999995
2026-03-11T10:07:45.453024,24.53,50.608924327030955,98.99999999999949
2026-03-11T10:07:45.453277,24.51,50.17758547548136,98.98999999999948
2026-03-11T10:07:45.453465,24.48,49.63193275500804,98.97999999999948
2026-03-11T10:07:45.453627,24.48,49.264304988983596,98.96999999999947
2026-03-11T10:07:45.453813,24.51,49.102097408523065,98.95999999999947
2026-03-11T10:07:45.454021,24.47,48.363921336385836,98.94999999999946
2026-03-11T10:07:45.454210,24.5,47.76609516698013,98.93999999999946
2026-03-11T10:07:45.454415,24.5,47.545014146639346,98.92999999999945
2026-03-11T10:07:45.454598,24.49,47.137143745902335,98.91999999999945
2026-03-11T10:07:45.454779,24.47,46.59069169792254,98.90999999999944
2026-03-11T10:07:45.454975,24.49,46.023675989503246,98.89999999999944
2026-03-11T10:07:45.455149,24.48,45.33823256397656,98.88999999999943
2026-03-11T10:07:45.455271,24.46,45.043901396714,98.87999999999943
2026-03-11T10:07:45.455393,24.47,44.23962506077475,98.86999999999942
2026-03-11T10:07:45.455512,24.47,43.907385795244934,98.85999999999942
2026-03-11T10:07:45.455633,24.46,43.61420644086898,98.84999999999941
2026-03-11T10:07:45.455753,24.43,42.61733019354281,98.8399999999994
2026-03-11T10:07:45.455873,24.46,42.1925226808558,98.8299999999994
2026-03-11T10:07:45.455994,24.46,41.29971221916776,98.8199999999994
2026-03-11T10:07:45.456115,24.47,41.2313787864184,98.80999999999939
2026-03-11T10:07:45.456234,24.44,40.692323220393455,98.79999999999939
2026-03-11T10:07:45.456355,24.45,40.33649042041096,98.78999999999938
2026-03-11T10:07:45.456571,24.44,40.0850222857963,98.77999999999938
2026-03-11T10:07:45.456728,24.43,39.15707591987612,98.76999999999937
2026-03-11T10:07:45.456872,24.44,38.98099716599359,98.75999999999937
2026-03-11T10:07:45.457049,24.46,38.7197184027493,98.74999999999936
2026-03-11T10:07:45.457199,24.42,37.95964683249717,98.73999999999936
2026-03-11T10:07:45.457330,24.41,37.060313382343175,98.72999999999935
2026-03-11T10:07:45.457479,24.4,36.18460489983979,98.71999999999935
2026-03-11T10:07:45.457634,24.43,35.737595392464236,98.70999999999934
2026-03-11T10:07:45.457766,24.42,35.438570398980914,98.69999999999933
2026-03-11T10:07:45.457939,24.41,35.042291724093445,98.68999999999933
2026-03-11T10:07:45.458079,24.39,34.36065302602414,98.67999999999932
2026-03-11T10:07:45.458205,24.41,33.67404983588743,98.66999999999932
2026-03-11T10:07:45.458335,24.4,32.7947375183263,98.65999999999931
2026-03-11T10:07:45.458457,24.39,32.33327183602167,98.64999999999931
2026-03-11T10:07:45.458580,24.43,32.16310512819387,98.6399999999993
2026-03-11T10:07:45.458703,24.38,31.186214494178508,98.6299999999993
2026-03-11T10:07:45.458830,24.42,31.139002611692764,98.6199999999993
2026-03-11T10:07:45.458962,24.42,31.112385796622117,98.60999999999929
2026-03-11T10:07:45.459087,24.38,30.228969332983763,98.59999999999928
2026-03-11T10:07:45.459210,24.42,29.912168390249917,98.58999999999928
2026-03-11T10:07:45.459334,24.41,29.358347180457333,98.57999999999927
2026-03-11T10:07:45.459583,24.39,29.184778477703606,98.56999999999927
2026-03-11T10:07:45.459781,24.38,28.611796368628966,98.55999999999926
2026-03-11T10:07:45.459943,24.41,28.565674285913847,98.54999999999926
2026-03-11T10:07:45.460095,24.42,28.427883741313398,98.53999999999925
2026-03-11T10:07:45.460243,24.38,27.785329626222016,98.52999999999925
2026-03-11T10:07:45.460379,24.4,27.205669833403306,98.51999999999924
2026-03-11T10:07:45.460507,24.38,26.999484076939936,98.50999999999924
2026-03-11T10:07:45.460632,24.37,26.23668148015158,98.49999999999923
2026-03-11T10:07:45.460755,24.36,25.431946660369412,98.48999999999923
2026-03-11T10:07:45.460876,24.4,25.071169696440055,98.47999999999922
2026-03-11T10:07:45.461019,24.42,25.058340745555196,98.46999999999922
2026-03-11T10:07:45.461140,24.36,24.131009157196893,98.45999999999921
2026-03-11T10:07:45.461345,24.39,23.357324612629508,98.4499999999992
2026-03-11T10:07:45.461509,24.41,23.292623522894445,98.4399999999992
2026-03-11T10:07:45.461655,24.39,22.678076209963148,98.4299999999992
2026-03-11T10:07:45.461788,24.4,22.1678202519434,98.41999999999919
2026-03-11T10:07:45.461922,24.38,22.112514431920363,98.40999999999919
2026-03-11T10:07:45.462062,24.38,21.154374268830697,98.39999999999918
2026-03-11T10:07:45.462191,24.39,21.02416308902383,98.38999999999918
2026-03-11T10:07:45.462315,24.41,20.977995629861105,98.37999999999917
2026-03-11T10:07:45.462436,24.39,20.689070915278073,98.36999999999917
2026-03-11T10:07:45.462672,24.38,19.875372071781364,98.35999999999916
2026-03-11T10:07:45.462867,24.39,19.444425208718933,98.34999999999916
2026-03-11T10:07:45.463090,24.33,18.55921247003323,98.33999999999915
2026-03-11T10:07:45.463287,24.27,17.68182611953831,98.32999999999915
2026-03-11T10:07:45.463444,24.28,17.233654615758912,98.31999999999914
2026-03-11T10:07:45.463587,24.18,16.43029243999493,98.30999999999914
2026-03-11T10:07:45.463721,24.19,16.28336123638437,98.29999999999913
2026-03-11T10:07:45.463849,24.08,15.51050203464845,98.28999999999913
2026-03-11T10:07:45.463989,24.06,15.34515809876715,98.27999999999912
2026-03-11T10:07:45.464114,23.9,14.368789511287048,98.26999999999911
2026-03-11T10:07:45.464239,23.78,13.582378797841614,98.25999999999911
2026-03-11T10:07:45.464371,23.75,13.149340813122528,98.2499999999991
2026-03-11T10:07:45.464495,23.71,13.034013113055133,98.2399999999991
2026-03-11T10:07:45.464619,23.65,12.655327278161531,98.2299999999991
2026-03-11T10:07:45.464789,23.51,11.926096353840178,98.21999999999909
2026-03-11T10:07:45.465060,23.37,11.17902419888921,98.20999999999908
2026-03-11T10:07:45.465250,23.22,10.198716834637263,98.19999999999908
2026-03-11T10:07:45.465409,23.06,9.370184654312778,98.18999999999907
2026-03-11T10:07:45.465631,22.99,8.889755002876607,98.17999999999907
2026-03-11T10:07:45.465819,22.93,8.452851438697602,98.16999999999906
2026-03-11T10:07:45.466058,22.91,8.418070553757516,98.15999999999906
2026-03-11T10:07:45.466272,22.74,7.494995785105268,98.14999999999905
2026-03-11T10:07:45.466438,22.67,7.055037402099611,98.13999999999905
2026-03-11T10:07:45.466583,22.65,6.859953093168908,98.12999999999904
2026-03-11T10:07:45.466783,22.61,6.687250287738871,98.11999999999904
2026-03-11T10:07:45.466989,22.58,6.450611622046176,98.10999999999903
2026-03-11T10:07:45.467160,22.44,5.525199877021966,98.09999999999903
2026-03-11T10:07:45.467534,22.44,5.3686654535096,98.08999999999902
2026-03-11T10:07:45.467706,22.42,5.257414849075766,98.07999999999902
2026-03-11T10:07:45.467847,22.26,4.4720374343038625,98.06999999999901
2026-03-11T10:07:45.468003,22.2,3.7490448386427917,98.05999999999901
2026-03-11T10:07:45.468144,22.18,3.326860263030879,98.049999999999
2026-03-11T10:07:45.468276,22.13,3.021646054322129,98.039999999999
2026-03-11T10:07:45.468403,22.05,2.150711202351904,98.02999999999899
2026-03-11T10:07:45.468531,22.05,2.089852263900263,98.01999999999899
2026-03-11T10:07:45.468751,22.04,1.71513626444895,98.00999999999898
2026-03-11T10:07:45.468923,22.03,1.6952164734716297,97.99999999999898
2026-03-11T10:07:45.469098,22.0,0.9686120139610619,97.98999999999897
2026-03-11T10:07:45.469249,22.0,0.0,97.97999999999897
2026-03-11T10:14:16.736033,25.18,99.7729291659599,99.99
2026-03-11T10:14:16.736261,25.19,99.72359246191999,99.97999999999999
2026-03-11T10:14:16.736668,25.15,99.16206679188588,99.96999999999998
2026-03-11T10:14:16.736893,25.12,98.2517346426432,99.95999999999998
2026-03-11T10:14:16.737264,25.1,97.72269822938945,99.94999999999997
2026-03-11T10:14:16.737448,25.12,97.36338508802605,99.93999999999997
2026-03-11T10:14:16.737662,25.02,96.56761242097231,99.92999999999996
2026-03-11T10:14:16.737836,24.99,96.02504621214658,99.91999999999996
2026-03-11T10:14:16.737980,24.94,95.16163186763846,99.90999999999995
2026-03-11T10:14:16.738290,24.92,94.92485633313783,99.89999999999995
2026-03-11T10:14:16.738494,24.94,94.87632625367117,99.88999999999994
2026-03-11T10:14:16.738749,24.91,94.47585723338494,99.87999999999994
2026-03-11T10:14:16.738932,24.87,93.9312394860311,99.86999999999993
2026-03-11T10:14:16.739076,24.84,93.55168384781464,99.85999999999993
2026-03-11T10:14:16.739268,24.75,92.5701788947087,99.84999999999992
2026-03-11T10:14:16.739484,24.7,91.58844613288844,99.83999999999992
2026-03-11T10:14:16.739684,24.69,91.10662826613054,99.82999999999991
2026-03-11T10:14:16.739916,24.72,90.9465042497694,99.81999999999991
2026-03-11T10:14:16.740065,24.69,90.21781193113628,99.8099999999999
2026-03-11T10:14:16.740228,24.69,89.42186596418456,99.7999999999999
2026-03-11T10:14:16.740392,24.68,88.50318027199988,99.78999999999989
2026-03-11T10:14:16.740521,24.68,87.80357378367123,99.77999999999989
2026-03-11T10:14:16.740641,24.67,87.32028885854294,99.76999999999988
2026-03-11T10:14:16.740761,24.69,86.83170890001479,99.75999999999988
2026-03-11T10:14:16.740879,24.7,86.58480080757649,99.74999999999987
2026-03-11T10:14:16.741018,24.66,85.99048671841695,99.73999999999987
2026-03-11T10:14:16.741159,24.69,84.99779941215041,99.72999999999986
2026-03-11T10:14:16.741279,24.67,84.23707854202551,99.71999999999986
2026-03-11T10:14:16.741393,24.67,83.86643246619703,99.70999999999985
2026-03-11T10:14:16.741507,24.67,82.98375576667222,99.69999999999985
2026-03-11T10:14:16.741621,24.67,82.05038735873813,99.68999999999984
2026-03-11T10:14:16.741735,24.68,81.34194895974731,99.67999999999984
2026-03-11T10:14:16.741851,24.66,80.97340480528565,99.66999999999983
2026-03-11T10:14:16.741964,24.66,80.1550479776739,99.65999999999983
2026-03-11T10:14:16.742072,24.66,79.59447330982628,99.64999999999982
2026-03-11T10:14:16.742181,24.64,78.86902250818544,99.63999999999982
2026-03-11T10:14:16.742290,24.67,78.18576041358426,99.62999999999981
2026-03-11T10:14:16.742403,24.66,77.91747597955076,99.6199999999998
2026-03-11T10:14:16.742515,24.65,77.12729021531074,99.6099999999998
2026-03-11T10:14:16.742642,24.66,76.87024922928053,99.5999999999998
2026-03-11T10:14:16.742813,24.65,76.3760798824984,99.58999999999979
2026-03-11T10:14:16.742935,24.66,75.94367089653778,99.57999999999979
2026-03-11T10:14:16.743052,24.63,75.03768405548024,99.56999999999978
2026-03-11T10:14:16.743182,24.64,74.67337328259126,99.55999999999977
2026-03-11T10:14:16.743302,24.66,74.66345144395727,99.54999999999977
2026-03-11T10:14:16.743414,24.64,74.3739416958414,99.53999999999976
2026-03-11T10:14:16.743549,24.65,73.96776469873512,99.52999999999976
2026-03-11T10:14:16.743667,24.64,73.2860793603768,99.51999999999975
2026-03-11T10:14:16.743796,24.62,72.33236391422886,99.50999999999975
2026-03-11T10:14:16.743925,24.63,71.58808893772841,99.49999999999974
2026-03-11T10:14:16.744037,24.63,70.80382816954156,99.48999999999974
2026-03-11T10:14:16.744146,24.6,70.05605209476646,99.47999999999973
2026-03-11T10:14:16.744258,24.6,69.12713674699354,99.46999999999973
2026-03-11T10:14:16.744369,24.64,68.78184389523,99.45999999999972
2026-03-11T10:14:16.744482,24.61,68.32260279418841,99.44999999999972
2026-03-11T10:14:16.744592,24.61,67.37172984098115,99.43999999999971
2026-03-11T10:14:16.744728,24.58,66.62513583317902,99.42999999999971
2026-03-11T10:14:16.744848,24.61,66.1894120792451,99.4199999999997
2026-03-11T10:14:16.745061,24.59,65.7677842796659,99.4099999999997
2026-03-11T10:14:16.745246,24.6,64.89911398859326,99.3999999999997
2026-03-11T10:14:16.745404,24.6,64.10063339499716,99.38999999999969
2026-03-11T10:14:16.745562,24.59,64.03332759406028,99.37999999999968
2026-03-11T10:14:16.745688,24.59,63.543237855001486,99.36999999999968
2026-03-11T10:14:16.745803,24.58,63.0039794537465,99.35999999999967
2026-03-11T10:14:16.745916,24.59,62.49281558632657,99.34999999999967
2026-03-11T10:14:16.746036,24.59,62.26722148616581,99.33999999999966
2026-03-11T10:14:16.746147,24.56,61.33249777831819,99.32999999999966
2026-03-11T10:14:16.746256,24.57,60.69184841423501,99.31999999999965
2026-03-11T10:14:16.746363,24.57,60.090812264214996,99.30999999999965
2026-03-11T10:14:16.746486,24.59,59.98558947659519,99.29999999999964
2026-03-11T10:14:16.746595,24.57,59.67212227247752,99.28999999999964
2026-03-11T10:14:16.746704,24.57,58.793691228276316,99.27999999999963
2026-03-11T10:14:16.746816,24.58,58.73937466886018,99.26999999999963
2026-03-11T10:14:16.746930,24.56,57.98689241849652,99.25999999999962
2026-03-11T10:14:16.747066,24.53,57.10102691651981,99.24999999999962
2026-03-11T10:14:16.747185,24.55,56.66171878787806,99.23999999999961
2026-03-11T10:14:16.747336,24.55,56.33089271503405,99.2299999999996
2026-03-11T10:14:16.747457,24.53,55.43809717545666,99.2199999999996
2026-03-11T10:14:16.747568,24.54,54.64057905188013,99.2099999999996
2026-03-11T10:14:16.747680,24.54,54.01915132500733,99.19999999999959
2026-03-11T10:14:16.747788,24.51,53.7120481527664,99.18999999999959
2026-03-11T10:14:16.747914,24.54,53.69064315850938,99.17999999999958
2026-03-11T10:14:16.748057,24.5,52.69507328227619,99.16999999999958
2026-03-11T10:14:16.748189,24.5,51.93839045533498,99.15999999999957
2026-03-11T10:14:16.748316,24.52,51.544285929170904,99.14999999999957
2026-03-11T10:14:16.748442,24.5,50.85492936465168,99.13999999999956
2026-03-11T10:14:16.748554,24.5,50.43289232672857,99.12999999999955
2026-03-11T10:14:16.748665,24.47,49.46739807082435,99.11999999999955
2026-03-11T10:14:16.748786,24.49,49.24123567175494,99.10999999999954
2026-03-11T10:14:16.748913,24.52,48.79452244484686,99.09999999999954
2026-03-11T10:14:16.749038,24.52,48.637652731997896,99.08999999999953
2026-03-11T10:14:16.749154,24.5,48.31672336227572,99.07999999999953
2026-03-11T10:14:16.749268,24.49,47.54513411982208,99.06999999999952
2026-03-11T10:14:16.749395,24.47,47.093319826343794,99.05999999999952
2026-03-11T10:14:16.749515,24.45,46.10159326780432,99.04999999999951
2026-03-11T10:14:16.749633,24.46,45.74932929419117,99.03999999999951
2026-03-11T10:14:16.749746,24.44,44.79510324724782,99.0299999999995
2026-03-11T10:14:16.749869,24.5,44.73307612938582,99.0199999999995
2026-03-11T10:14:16.750057,24.45,44.241428605067114,99.0099999999995
2026-03-11T10:14:16.750375,24.46,44.04438383143524,98.99999999999949
2026-03-11T10:14:16.750669,24.45,43.165974437604525,98.98999999999948
2026-03-11T10:14:16.750855,24.48,42.81552142274144,98.97999999999948
2026-03-11T10:14:16.751009,24.44,41.884429647330144,98.96999999999947
2026-03-11T10:14:16.751171,24.47,41.80871505542003,98.95999999999947
2026-03-11T10:14:16.751309,24.45,40.97819684077554,98.94999999999946
2026-03-11T10:14:16.751434,24.45,40.46996415580265,98.93999999999946
2026-03-11T10:14:16.751559,24.44,40.22736775391229,98.92999999999945
2026-03-11T10:14:16.751706,24.44,39.73615138361968,98.91999999999945
2026-03-11T10:14:16.751917,24.45,39.04236682287159,98.90999999999944
2026-03-11T10:14:16.752135,24.43,38.393447969343626,98.89999999999944
2026-03-11T10:14:16.752324,24.43,37.64723856775921,98.88999999999943
2026-03-11T10:14:16.752475,24.41,36.87122765492301,98.87999999999943
2026-03-11T10:14:16.752652,24.42,36.42627248128559,98.86999999999942
2026-03-11T10:14:16.752793,24.42,36.170056991067675,98.85999999999942
2026-03-11T10:14:16.752915,24.43,35.23868276320199,98.84999999999941
2026-03-11T10:14:16.753031,24.41,34.67026195192093,98.8399999999994
2026-03-11T10:14:16.753208,24.4,34.21199218281754,98.8299999999994
2026-03-11T10:14:16.753410,24.44,33.99617364010496,98.8199999999994
2026-03-11T10:14:16.753584,24.44,33.98489429170092,98.80999999999939
2026-03-11T10:14:16.753714,24.41,33.10874238575298,98.79999999999939
2026-03-11T10:14:16.753859,24.41,32.5724917654367,98.78999999999938
2026-03-11T10:14:16.754008,24.42,32.496902242933515,98.77999999999938
2026-03-11T10:14:16.754180,24.39,31.861329118270273,98.76999999999937
2026-03-11T10:14:16.754345,24.4,31.141869994863523,98.75999999999937
2026-03-11T10:14:16.754521,24.39,30.44496457761681,98.74999999999936
2026-03-11T10:14:16.754675,24.41,30.396161725143244,98.73999999999936
2026-03-11T10:14:16.754848,24.43,30.226168338160765,98.72999999999935
2026-03-11T10:14:16.754996,24.42,30.058902473566743,98.71999999999935
2026-03-11T10:14:16.755184,24.39,29.55195482048,98.70999999999934
2026-03-11T10:14:16.755370,24.37,28.5849300949921,98.69999999999933
2026-03-11T10:14:16.755530,24.4,27.91291046174165,98.68999999999933
2026-03-11T10:14:16.755672,24.38,27.310081245687257,98.67999999999932
2026-03-11T10:14:16.755812,24.4,26.980524814007328,98.66999999999932
2026-03-11T10:14:16.756002,24.38,26.070440966432237,98.65999999999931
2026-03-11T10:14:16.756231,24.4,25.876556883334274,98.64999999999931
2026-03-11T10:14:16.756452,24.4,25.502952856394533,98.6399999999993
2026-03-11T10:14:16.756600,24.39,25.332336917718543,98.6299999999993
2026-03-11T10:14:16.756736,24.39,24.790641828770084,98.6199999999993
2026-03-11T10:14:16.756890,24.42,24.786416046362184,98.60999999999929
2026-03-11T10:14:16.757097,24.38,24.267216729463318,98.59999999999928
2026-03-11T10:14:16.757268,24.39,23.775112271414805,98.58999999999928
2026-03-11T10:14:16.757418,24.4,23.426517752611943,98.57999999999927
2026-03-11T10:14:16.757556,24.4,23.314828587110526,98.56999999999927
2026-03-11T10:14:16.757682,24.39,22.703735345674964,98.55999999999926
2026-03-11T10:14:16.757803,24.39,22.586794420575355,98.54999999999926
2026-03-11T10:14:16.757998,24.37,22.038555515088152,98.53999999999925
2026-03-11T10:14:16.758186,24.41,21.820055174684278,98.52999999999925
2026-03-11T10:14:16.758379,24.36,20.834696249144912,98.51999999999924
2026-03-11T10:14:16.758561,24.38,20.383746503036637,98.50999999999924
2026-03-11T10:14:16.758721,24.37,19.739517483174716,98.49999999999923
2026-03-11T10:14:16.758879,24.37,19.454372653490907,98.48999999999923
2026-03-11T10:14:16.759106,24.39,19.160784698572193,98.47999999999922
2026-03-11T10:14:16.759283,24.34,18.446867574790836,98.46999999999922
2026-03-11T10:14:16.759439,24.32,18.084204939474734,98.45999999999921
2026-03-11T10:14:16.759564,24.3,17.731414658985607,98.4499999999992
2026-03-11T10:14:16.759687,24.29,17.642867537790163,98.4399999999992
2026-03-11T10:14:16.759802,24.19,16.796864121695275,98.4299999999992
2026-03-11T10:14:16.759993,24.14,16.038529382564395,98.41999999999919
2026-03-11T10:14:16.760132,24.1,15.637245760095702,98.40999999999919
2026-03-11T10:14:16.760257,24.04,15.156976164077676,98.39999999999918
2026-03-11T10:14:16.760381,23.99,14.707866784041473,98.38999999999918
2026-03-11T10:14:16.760571,23.99,14.7011409587375,98.37999999999917
2026-03-11T10:14:16.760725,23.89,14.065288590413774,98.36999999999917
2026-03-11T10:14:16.760863,23.83,13.798444087462721,98.35999999999916
2026-03-11T10:14:16.760990,23.82,13.605149621864769,98.34999999999916
2026-03-11T10:14:16.761156,23.75,13.18856506159252,98.33999999999915
2026-03-11T10:14:16.761335,23.69,12.875148676593207,98.32999999999915
2026-03-11T10:14:16.761457,23.65,12.497614332632129,98.31999999999914
2026-03-11T10:14:16.761574,23.47,11.622617435275528,98.30999999999914
2026-03-11T10:14:16.761703,23.39,11.058716153929906,98.29999999999913
2026-03-11T10:14:16.761832,23.33,10.772557591324267,98.28999999999913
2026-03-11T10:14:16.761951,23.27,10.35351916670135,98.27999999999912
2026-03-11T10:14:16.762067,23.22,10.039283037057839,98.26999999999911
2026-03-11T10:14:16.762182,23.13,9.611586561242884,98.25999999999911
2026-03-11T10:14:16.762320,23.08,9.392892964274049,98.2499999999991
2026-03-11T10:14:16.762451,23.03,9.151892517084399,98.2399999999991
2026-03-11T10:14:16.762646,22.87,8.221229649115044,98.2299999999991
2026-03-11T10:14:16.762793,22.72,7.432155020537968,98.21999999999909
2026-03-11T10:14:16.762927,22.69,7.207744451313942,98.20999999999908
2026-03-11T10:14:16.763064,22.59,6.672113366800219,98.19999999999908
2026-03-11T10:14:16.763193,22.46,5.818460883109138,98.18999999999907
2026-03-11T10:14:16.763321,22.43,5.500791724802118,98.17999999999907
2026-03-11T10:14:16.763449,22.4,5.180932769093747,98.16999999999906
2026-03-11T10:14:16.763568,22.33,4.6892302022155725,98.15999999999906
2026-03-11T10:14:16.763698,22.3,4.358803939052165,98.14999999999905
2026-03-11T10:14:16.763823,22.23,4.00389957640451,98.13999999999905
2026-03-11T10:14:16.763950,22.17,3.3300741320520375,98.12999999999904
2026-03-11T10:14:16.764087,22.17,3.285862264062353,98.11999999999904
2026-03-11T10:14:16.764201,22.18,3.2265923488729857,98.10999999999903
2026-03-11T10:14:16.764328,22.15,2.9223905497779223,98.09999999999903
2026-03-11T10:14:16.764452,22.14,2.8211419291388706,98.08999999999902
2026-03-11T10:14:16.764579,22.08,2.511461615114816,98.07999999999902
2026-03-11T10:14:16.764707,22.04,1.9136660804237766,98.06999999999901
2026-03-11T10:14:16.764847,22.03,1.493137605454889,98.05999999999901
2026-03-11T10:14:16.764965,22.0,0.6793793349984356,98.049999999999
2026-03-11T10:14:16.765082,22.0,0.21636472378346105,98.039999999999
2026-03-11T10:14:16.765196,22.0,0.0,98.02999999999899
2026-03-11T10:35:24.987210,24.48,49.03354646430786,99.99,25.0
2026-03-11T10:35:24.987439,24.47,48.79193308038483,99.99,5.0
2026-03-11T10:35:24.987606,24.47,49.348248658892494,99.99,25.0
2026-03-11T10:35:24.987793,24.37,49.348248658892494,99.99,40.0
2026-03-11T10:35:24.988747,25.16,99.08628786003503,99.99,25.0
2026-03-11T10:35:25.994476,25.13,98.28685390491195,99.97999999999999,25.0
2026-03-11T10:35:26.999259,25.13,97.72592831548901,99.96999999999998,25.0
2026-03-11T10:35:28.011994,25.09,97.24501480465169,99.95999999999998,25.0
2026-03-11T10:35:29.026499,25.09,97.00342097139713,99.94999999999997,25.0
2026-03-11T10:35:30.040018,25.07,96.64723124878749,99.93999999999997,25.0
2026-03-11T10:35:31.053891,24.99,95.66868563423121,99.92999999999996,25.0
2026-03-11T10:35:32.067539,24.96,95.38534561275416,99.91999999999996,25.0
2026-03-11T10:35:33.073026,24.96,95.0889300207589,99.90999999999995,25.0
2026-03-11T10:35:34.080199,24.92,94.76326539046103,99.89999999999995,25.0
2026-03-11T10:36:05.154455,24.48,49.03354646430786,99.99,25.0
2026-03-11T10:36:05.154700,24.47,48.79193308038483,99.99,5.0
2026-03-11T10:36:05.154868,24.47,49.348248658892494,99.99,25.0
2026-03-11T10:36:05.155024,24.37,49.348248658892494,99.99,40.0
2026-03-11T10:36:05.157597,25.16,99.08628786003503,99.99,25.0
2026-03-11T10:36:06.159233,25.13,98.28685390491195,99.97999999999999,25.0
2026-03-11T10:36:07.160905,25.13,97.72592831548901,99.96999999999998,25.0
2026-03-11T10:36:08.182829,25.09,97.24501480465169,99.95999999999998,25.0
2026-03-11T10:36:09.191349,25.09,97.00342097139713,99.94999999999997,25.0
2026-03-11T10:36:10.204653,25.07,96.64723124878749,99.93999999999997,25.0
2026-03-11T10:36:11.210632,24.99,95.66868563423121,99.92999999999996,25.0
2026-03-11T10:36:12.226715,24.96,95.38534561275416,99.91999999999996,25.0
2026-03-11T10:36:13.237620,24.96,95.0889300207589,99.90999999999995,25.0
2026-03-11T10:36:14.240466,24.92,94.76326539046103,99.89999999999995,25.0
2026-03-11T10:36:41.669854,24.48,49.03354646430786,99.99,25.0
2026-03-11T10:36:41.670108,24.47,48.79193308038483,99.99,5.0
2026-03-11T10:36:41.670319,24.47,49.348248658892494,99.99,25.0
2026-03-11T10:36:41.670486,24.37,49.348248658892494,99.99,40.0
2026-03-11T10:36:41.671199,25.16,99.08628786003503,99.99,25.0
2026-03-11T10:36:42.674380,25.13,98.28685390491195,99.97999999999999,25.0
2026-03-11T10:36:43.686162,25.13,97.72592831548901,99.96999999999998,25.0
2026-03-11T10:36:44.691710,25.09,97.24501480465169,99.95999999999998,25.0
2026-03-11T10:36:45.697105,25.09,97.00342097139713,99.94999999999997,25.0
2026-03-11T10:36:46.713082,25.07,96.64723124878749,99.93999999999997,25.0
2026-03-11T10:36:47.725806,24.99,95.66868563423121,99.92999999999996,25.0
2026-03-11T10:36:48.738109,24.96,95.38534561275416,99.91999999999996,25.0
2026-03-11T10:36:49.744397,24.96,95.0889300207589,99.90999999999995,25.0
2026-03-11T10:36:50.745757,24.92,94.76326539046103,99.89999999999995,25.0
2026-03-11T10:42:35.059242,25.18,99.49748424476876,99.99,25.02849397167063
2026-03-11T10:42:35.059490,25.18,99.3948473942618,99.97999999999999,25.037213912269827
2026-03-11T10:42:35.059664,25.18,98.83828837233726,99.96999999999998,25.071981865676204
2026-03-11T10:42:35.059834,25.14,98.10774937992805,99.95999999999998,25.11645415720332
2026-03-11T10:42:35.060049,25.1,97.5212285334338,99.94999999999997,25.152798096400407
2026-03-11T10:42:35.060259,25.13,97.41049198984366,99.93999999999997,25.15931100297964
2026-03-11T10:42:35.060435,25.05,96.59572930148282,99.92999999999996,25.207509655014967
2026-03-11T10:42:35.060590,25.04,96.38550464027252,99.91999999999996,25.21999484929313
2026-03-11T10:42:35.060764,24.97,95.45618734206407,99.90999999999995,25.277680014594456
2026-03-11T10:42:35.060969,24.91,94.94259979543448,99.89999999999995,25.30943451149452
2026-03-11T10:42:35.061139,24.88,94.38514925851237,99.88999999999994,25.33953710482713
2026-03-11T10:42:35.061296,24.82,93.50867444853202,99.87999999999994,25.389204161083654
2026-03-11T10:42:35.061590,24.85,93.48393514697125,99.86999999999993,25.3876198688435
2026-03-11T10:42:35.061821,24.8,93.06171765055613,99.85999999999993,25.40927055767108
2026-03-11T10:42:35.062019,24.75,92.56326256668505,99.84999999999992,25.436800120773494
2026-03-11T10:42:35.062195,24.72,91.81311577633889,99.83999999999992,25.478749201866187
2026-03-11T10:42:35.062355,24.67,90.89636113924168,99.82999999999991,25.52996327272074
2026-03-11T10:42:35.062502,24.67,89.9701280191112,99.81999999999991,25.5804010375254
2026-03-11T10:42:35.062719,24.69,89.94475188120254,99.8099999999999,25.576478938506483
2026-03-11T10:42:35.062938,24.71,89.89586417418722,99.7999999999999,25.57236652733274
2026-03-11T10:42:35.063234,24.7,89.79328779383523,99.78999999999989,25.576759656762956
2026-03-11T10:42:35.063487,24.67,89.31117467920774,99.77999999999989,25.601904948078825
2026-03-11T10:42:35.063722,24.68,88.68450417186085,99.76999999999988,25.638075564797745
2026-03-11T10:42:35.063961,24.69,87.75503948177445,99.75999999999988,25.689439008707264
2026-03-11T10:42:35.064209,24.69,87.19524342858779,99.74999999999987,25.718146537947668
2026-03-11T10:42:35.064422,24.67,86.39544142592787,99.73999999999987,25.75957121488377
2026-03-11T10:42:35.064622,24.67,85.5109913300214,99.72999999999986,25.80646390799028
2026-03-11T10:42:35.064885,24.67,85.24195539455036,99.71999999999986,25.81452029956139
2026-03-11T10:42:35.065202,24.68,84.64468217919188,99.70999999999985,25.84479738728991
2026-03-11T10:42:35.065446,24.7,84.1551646516717,99.69999999999985,25.867502869838308
2026-03-11T10:42:35.065686,24.48,49.03354646430786,99.99,25.0
2026-03-11T10:42:35.065970,24.47,48.79193308038483,99.99,5.0
2026-03-11T10:42:35.066256,24.47,49.348248658892494,99.99,25.0
2026-03-11T10:42:35.066527,24.37,49.348248658892494,99.99,40.0
2026-03-11T10:42:35.067555,25.19,99.53725622879925,99.99,25.03087520615881
2026-03-11T10:42:36.076912,25.18,98.97633063937631,99.97999999999999,25.064493069270984
2026-03-11T10:42:37.090337,25.14,98.42323242347767,99.96999999999998,25.097514296756483
2026-03-11T10:42:38.102597,25.15,98.06704270086803,99.95999999999998,25.1187621480508
2026-03-11T10:42:39.115470,25.06,97.12234166164949,99.94999999999997,25.1778927770243
2026-03-11T10:42:40.125491,25.08,96.82592606965422,99.93999999999997,25.192694660858674
2026-03-11T10:42:41.139774,25.02,96.36058420579388,99.92999999999996,25.218182612473978
2026-03-11T10:42:42.152444,25.01,95.79660133151542,99.91999999999996,25.251522292115222
2026-03-11T10:42:43.167676,24.91,94.93225402019822,99.90999999999995,25.301440784792746
2026-03-11T10:42:44.182004,24.87,94.21513725183891,99.89999999999995,25.34162388913191
2026-03-11T11:15:51.704097,25.18,99.49748424476876,99.99,25.02849397167063
2026-03-11T11:15:51.704365,25.18,99.3948473942618,99.97999999999999,25.037213912269827
2026-03-11T11:15:51.704648,25.18,98.83828837233726,99.96999999999998,25.071981865676204
2026-03-11T11:15:51.705031,25.14,98.10774937992805,99.95999999999998,25.11645415720332
2026-03-11T11:15:51.705216,25.1,97.5212285334338,99.94999999999997,25.152798096400407
2026-03-11T11:15:51.705361,25.13,97.41049198984366,99.93999999999997,25.15931100297964
2026-03-11T11:15:51.705821,25.05,96.59572930148282,99.92999999999996,25.207509655014967
2026-03-11T11:15:51.705999,25.04,96.38550464027252,99.91999999999996,25.21999484929313
2026-03-11T11:15:51.706165,24.97,95.45618734206407,99.90999999999995,25.277680014594456
2026-03-11T11:15:51.706389,24.91,94.94259979543448,99.89999999999995,25.30943451149452
2026-03-11T11:15:51.706681,24.88,94.38514925851237,99.88999999999994,25.33953710482713
2026-03-11T11:15:51.706869,24.82,93.50867444853202,99.87999999999994,25.389204161083654
2026-03-11T11:15:51.707015,24.85,93.48393514697125,99.86999999999993,25.3876198688435
2026-03-11T11:15:51.707142,24.8,93.06171765055613,99.85999999999993,25.40927055767108
2026-03-11T11:15:51.707261,24.75,92.56326256668505,99.84999999999992,25.436800120773494
2026-03-11T11:15:51.707378,24.72,91.81311577633889,99.83999999999992,25.478749201866187
2026-03-11T11:15:51.707616,24.67,90.89636113924168,99.82999999999991,25.52996327272074
2026-03-11T11:15:51.707789,24.67,89.9701280191112,99.81999999999991,25.5804010375254
2026-03-11T11:15:51.707937,24.69,89.94475188120254,99.8099999999999,25.576478938506483
2026-03-11T11:15:51.708097,24.71,89.89586417418722,99.7999999999999,25.57236652733274
2026-03-11T11:15:51.708283,24.7,89.79328779383523,99.78999999999989,25.576759656762956
2026-03-11T11:15:51.708434,24.67,89.31117467920774,99.77999999999989,25.601904948078825
2026-03-11T11:15:51.708569,24.68,88.68450417186085,99.76999999999988,25.638075564797745
2026-03-11T11:15:51.708690,24.69,87.75503948177445,99.75999999999988,25.689439008707264
2026-03-11T11:15:51.708895,24.69,87.19524342858779,99.74999999999987,25.718146537947668
2026-03-11T11:15:51.709050,24.67,86.39544142592787,99.73999999999987,25.75957121488377
2026-03-11T11:15:51.709184,24.67,85.5109913300214,99.72999999999986,25.80646390799028
2026-03-11T11:15:51.709313,24.67,85.24195539455036,99.71999999999986,25.81452029956139
2026-03-11T11:15:51.709443,24.68,84.64468217919188,99.70999999999985,25.84479738728991
2026-03-11T11:15:51.709561,24.7,84.1551646516717,99.69999999999985,25.867502869838308
2026-03-11T11:15:51.709700,24.48,49.03354646430786,99.99,25.0
2026-03-11T11:15:51.709826,24.47,48.79193308038483,99.99,5.0
2026-03-11T11:15:51.709981,24.47,49.348248658892494,99.99,25.0
2026-03-11T11:15:51.710224,24.37,49.348248658892494,99.99,40.0
2026-03-11T11:15:51.711046,25.19,99.53725622879925,99.99,25.03087520615881
2026-03-11T11:15:52.713304,25.18,98.97633063937631,99.97999999999999,25.064493069270984
2026-03-11T11:15:53.723396,25.14,98.42323242347767,99.96999999999998,25.097514296756483
2026-03-11T11:15:54.728768,25.15,98.06704270086803,99.95999999999998,25.1187621480508
2026-03-11T11:15:55.736319,25.06,97.12234166164949,99.94999999999997,25.1778927770243
2026-03-11T11:15:56.751596,25.08,96.82592606965422,99.93999999999997,25.192694660858674
2026-03-11T11:15:57.759807,25.02,96.36058420579388,99.92999999999996,25.218182612473978
2026-03-11T11:15:58.766748,25.01,95.79660133151542,99.91999999999996,25.251522292115222
2026-03-11T11:15:59.778919,24.91,94.93225402019822,99.90999999999995,25.301440784792746
2026-03-11T11:16:00.792206,24.87,94.21513725183891,99.89999999999995,25.34162388913191
2026-03-11T11:17:32.258645,25.18,99.49748424476876,99.99,25.02683699802739
2026-03-11T11:17:32.258911,25.18,99.3948473942618,99.97999999999999,25.03821808661396
2026-03-11T11:17:32.259087,25.18,98.83828837233726,99.96999999999998,25.07430020165059
2026-03-11T11:17:32.259261,25.14,98.10774937992805,99.95999999999998,25.119273345001815
2026-03-11T11:17:32.259567,25.1,97.5212285334338,99.94999999999997,25.15660082133842
2026-03-11T11:17:32.259909,25.13,97.41049198984366,99.93999999999997,25.162754278385197
2026-03-11T11:17:32.260144,25.05,96.59572930148282,99.92999999999996,25.210059224629866
2026-03-11T11:17:32.260348,25.04,96.38550464027252,99.91999999999996,25.222263159336677
2026-03-11T11:17:32.260532,24.97,95.45618734206407,99.90999999999995,25.281738353444208
2026-03-11T11:17:32.260717,24.91,94.94259979543448,99.89999999999995,25.314188594115574
2026-03-11T11:17:32.260877,24.88,94.38514925851237,99.88999999999994,25.340661503608207
2026-03-11T11:17:32.261028,24.82,93.50867444853202,99.87999999999994,25.38733966359557
2026-03-11T11:17:32.261184,24.85,93.48393514697125,99.86999999999993,25.382798590870905
2026-03-11T11:17:32.261329,24.8,93.06171765055613,99.85999999999993,25.401056195419514
2026-03-11T11:17:32.261475,24.75,92.56326256668505,99.84999999999992,25.42670087832717
2026-03-11T11:17:32.261632,24.72,91.81311577633889,99.83999999999992,25.466196187638566
2026-03-11T11:17:32.261776,24.67,90.89636113924168,99.82999999999991,25.514372231975496
2026-03-11T11:17:32.261902,24.67,89.9701280191112,99.81999999999991,25.56060923682171
2026-03-11T11:17:32.262029,24.69,89.94475188120254,99.8099999999999,25.55242997855157
2026-03-11T11:17:32.262155,24.71,89.89586417418722,99.7999999999999,25.542714831380458
2026-03-11T11:17:32.262279,24.7,89.79328779383523,99.78999999999989,25.54712560917691
2026-03-11T11:17:32.262402,24.67,89.31117467920774,99.77999999999989,25.570267447786158
2026-03-11T11:17:32.262524,24.68,88.68450417186085,99.76999999999988,25.606906700800746
2026-03-11T11:17:32.262648,24.69,87.75503948177445,99.75999999999988,25.65573583905442
2026-03-11T11:17:32.262800,24.69,87.19524342858779,99.74999999999987,25.681585324523194
2026-03-11T11:17:32.262937,24.67,86.39544142592787,99.73999999999987,25.71864023104127
2026-03-11T11:17:32.263063,24.67,85.5109913300214,99.72999999999986,25.76181447053045
2026-03-11T11:17:32.263189,24.67,85.24195539455036,99.71999999999986,25.764464063791994
2026-03-11T11:17:32.263313,24.68,84.64468217919188,99.70999999999985,25.792185220473684
2026-03-11T11:17:32.263446,24.7,84.1551646516717,99.69999999999985,25.811381863928247
2026-03-11T11:17:32.263619,24.48,49.03354646430786,99.99,25.0
2026-03-11T11:17:32.263768,24.47,48.79193308038483,99.99,5.0
2026-03-11T11:17:32.264006,24.47,49.348248658892494,99.99,25.0
2026-03-11T11:17:32.264209,24.37,49.348248658892494,99.99,40.0
2026-03-11T11:17:32.265039,25.19,99.53725622879925,99.99,25.033985786045573
2026-03-11T11:17:33.280223,25.18,98.97633063937631,99.97999999999999,25.06737934211134
2026-03-11T11:17:34.288793,25.14,98.42323242347767,99.96999999999998,25.100062727758
2026-03-11T11:17:35.296189,25.15,98.06704270086803,99.95999999999998,25.12103414112996
2026-03-11T11:17:36.303930,25.06,97.12234166164949,99.94999999999997,25.182477017139103
2026-03-11T11:17:37.316682,25.08,96.82592606965422,99.93999999999997,25.194020794881244
2026-03-11T11:17:38.330714,25.02,96.36058420579388,99.92999999999996,25.21699661823888
2026-03-11T11:17:39.335201,25.01,95.79660133151542,99.91999999999996,25.249908164718768
2026-03-11T11:17:40.339996,24.91,94.93225402019822,99.90999999999995,25.29798115903857
2026-03-11T11:17:41.349855,24.87,94.21513725183891,99.89999999999995,25.335527939160592
2026-03-11T11:18:03.316347,25.18,99.49748424476876,99.99,25.024627699836405
2026-03-11T11:18:03.316644,25.18,99.3948473942618,99.97999999999999,25.03971163661284
2026-03-11T11:18:03.316819,25.18,98.83828837233726,99.96999999999998,25.077436779130355
2026-03-11T11:18:03.316977,25.14,98.10774937992805,99.95999999999998,25.12285680060472
2026-03-11T11:18:03.317118,25.1,97.5212285334338,99.94999999999997,25.161250081745663
2026-03-11T11:18:03.317250,25.13,97.41049198984366,99.93999999999997,25.166611455705965
2026-03-11T11:18:03.317399,25.05,96.59572930148282,99.92999999999996,25.212476807513905
2026-03-11T11:18:03.317529,25.04,96.38550464027252,99.91999999999996,25.224165953955108
2026-03-11T11:18:03.317693,24.97,95.45618734206407,99.90999999999995,25.285928306077476
2026-03-11T11:18:03.317904,24.91,94.94259979543448,99.89999999999995,25.319049543401245
2026-03-11T11:18:03.318251,24.88,94.38514925851237,99.88999999999994,25.34038694281685
2026-03-11T11:18:03.318706,24.82,93.50867444853202,99.87999999999994,25.38315233980904
2026-03-11T11:18:03.319270,24.85,93.48393514697125,99.86999999999993,25.375013045584154
2026-03-11T11:18:03.319801,24.8,93.06171765055613,99.85999999999993,25.389332241170575
2026-03-11T11:18:03.320359,24.75,92.56326256668505,99.84999999999992,25.413307571420056
2026-03-11T11:18:03.320900,24.72,91.81311577633889,99.83999999999992,25.45046654601591
2026-03-11T11:18:03.321427,24.67,90.89636113924168,99.82999999999991,25.495662731922504
2026-03-11T11:18:03.322734,24.67,89.9701280191112,99.81999999999991,25.53754603186627
2026-03-11T11:18:03.323508,24.69,89.94475188120254,99.8099999999999,25.52520520972857
2026-03-11T11:18:03.324079,24.71,89.89586417418722,99.7999999999999,25.509780266378407
2026-03-11T11:18:03.324598,24.7,89.79328779383523,99.78999999999989,25.516321963991956
2026-03-11T11:18:03.324953,24.67,89.31117467920774,99.77999999999989,25.538687534940767
2026-03-11T11:18:03.325228,24.68,88.68450417186085,99.76999999999988,25.577844127622413
2026-03-11T11:18:03.325659,24.69,87.75503948177445,99.75999999999988,25.624953694426242
2026-03-11T11:18:03.326123,24.69,87.19524342858779,99.74999999999987,25.648722542542888
2026-03-11T11:18:03.326585,24.67,86.39544142592787,99.73999999999987,25.68177491816465
2026-03-11T11:18:03.327055,24.67,85.5109913300214,99.72999999999986,25.722040511431352
2026-03-11T11:18:03.327504,24.67,85.24195539455036,99.71999999999986,25.71967245869166
2026-03-11T11:18:03.327938,24.68,84.64468217919188,99.70999999999985,25.74646261839017
2026-03-11T11:18:03.328378,24.7,84.1551646516717,99.69999999999985,25.763448583255318
2026-03-11T11:18:03.328863,24.48,49.03354646430786,99.99,25.0
2026-03-11T11:18:03.329306,24.47,48.79193308038483,99.99,5.0
2026-03-11T11:18:03.329751,24.47,49.348248658892494,99.99,25.0
2026-03-11T11:18:03.330175,24.37,49.348248658892494,99.99,40.0
2026-03-11T11:18:03.332326,25.19,99.53725622879925,99.99,25.038133225894594
2026-03-11T11:18:04.336451,25.18,98.97633063937631,99.97999999999999,25.07093738510905
2026-03-11T11:18:05.346157,25.14,98.42323242347767,99.96999999999998,25.102929961584437
2026-03-11T11:18:06.354505,25.15,98.06704270086803,99.95999999999998,25.123348004917343
2026-03-11T11:18:07.362570,25.06,97.12234166164949,99.94999999999997,25.187733370318433
2026-03-11T11:18:08.377092,25.08,96.82592606965422,99.93999999999997,25.19459074089092
2026-03-11T11:18:09.388896,25.02,96.36058420579388,99.92999999999996,25.214213110664932
2026-03-11T11:18:10.404212,25.01,95.79660133151542,99.91999999999996,25.24678472391767
2026-03-11T11:18:11.407065,24.91,94.93225402019822,99.90999999999995,25.292644832744763
2026-03-11T11:18:12.415984,24.87,94.21513725183891,99.89999999999995,25.327071761509806
2026-03-11T11:21:00.978922,25.18,99.49748424476876,99.99,25.024627699836405
2026-03-11T11:21:00.979220,25.18,99.3948473942618,99.97999999999999,25.03971163661284
2026-03-11T11:21:00.979463,25.18,98.83828837233726,99.96999999999998,25.077436779130355
2026-03-11T11:21:00.979672,25.14,98.10774937992805,99.95999999999998,25.12285680060472
2026-03-11T11:21:00.979836,25.1,97.5212285334338,99.94999999999997,25.161250081745663
2026-03-11T11:21:00.979981,25.13,97.41049198984366,99.93999999999997,25.166611455705965
2026-03-11T11:21:00.980135,25.05,96.59572930148282,99.92999999999996,25.212476807513905
2026-03-11T11:21:00.980343,25.04,96.38550464027252,99.91999999999996,25.224165953955108
2026-03-11T11:21:00.980509,24.97,95.45618734206407,99.90999999999995,25.285928306077476
2026-03-11T11:21:00.980643,24.91,94.94259979543448,99.89999999999995,25.319049543401245
2026-03-11T11:21:00.980784,24.88,94.38514925851237,99.88999999999994,25.34038694281685
2026-03-11T11:21:00.980914,24.82,93.50867444853202,99.87999999999994,25.38315233980904
2026-03-11T11:21:00.981098,24.85,93.48393514697125,99.86999999999993,25.375013045584154
2026-03-11T11:21:00.981350,24.8,93.06171765055613,99.85999999999993,25.389332241170575
2026-03-11T11:21:00.981550,24.75,92.56326256668505,99.84999999999992,25.413307571420056
2026-03-11T11:21:00.981746,24.72,91.81311577633889,99.83999999999992,25.45046654601591
2026-03-11T11:21:00.981990,24.67,90.89636113924168,99.82999999999991,25.495662731922504
2026-03-11T11:21:00.982252,24.67,89.9701280191112,99.81999999999991,25.53754603186627
2026-03-11T11:21:00.982471,24.69,89.94475188120254,99.8099999999999,25.52520520972857
2026-03-11T11:21:00.982777,24.71,89.89586417418722,99.7999999999999,25.509780266378407
2026-03-11T11:21:00.982982,24.7,89.79328779383523,99.78999999999989,25.516321963991956
2026-03-11T11:21:00.983214,24.67,89.31117467920774,99.77999999999989,25.538687534940767
2026-03-11T11:21:00.983451,24.68,88.68450417186085,99.76999999999988,25.577844127622413
2026-03-11T11:21:00.983613,24.69,87.75503948177445,99.75999999999988,25.624953694426242
2026-03-11T11:21:00.983759,24.69,87.19524342858779,99.74999999999987,25.648722542542888
2026-03-11T11:21:00.983885,24.67,86.39544142592787,99.73999999999987,25.68177491816465
2026-03-11T11:21:00.984009,24.67,85.5109913300214,99.72999999999986,25.722040511431352
2026-03-11T11:21:00.984127,24.67,85.24195539455036,99.71999999999986,25.71967245869166
2026-03-11T11:21:00.984243,24.68,84.64468217919188,99.70999999999985,25.74646261839017
2026-03-11T11:21:00.984359,24.7,84.1551646516717,99.69999999999985,25.763448583255318
2026-03-11T11:21:00.984491,24.48,49.03354646430786,99.99,25.0
2026-03-11T11:21:00.984647,24.47,48.79193308038483,99.99,5.0
2026-03-11T11:21:00.984801,24.47,49.348248658892494,99.99,25.0
2026-03-11T11:21:00.984932,24.37,49.348248658892494,99.99,40.0
2026-03-11T11:21:00.985812,25.19,99.53725622879925,99.99,25.038133225894594
2026-03-11T11:21:01.995308,25.18,98.97633063937631,99.97999999999999,25.07093738510905
2026-03-11T11:21:03.002571,25.14,98.42323242347767,99.96999999999998,25.102929961584437
2026-03-11T11:21:04.011247,25.15,98.06704270086803,99.95999999999998,25.123348004917343
2026-03-11T11:21:05.015440,25.06,97.12234166164949,99.94999999999997,25.187733370318433
2026-03-11T11:21:06.027699,25.08,96.82592606965422,99.93999999999997,25.19459074089092
2026-03-11T11:21:07.043776,25.02,96.36058420579388,99.92999999999996,25.214213110664932
2026-03-11T11:21:08.055413,25.01,95.79660133151542,99.91999999999996,25.24678472391767
2026-03-11T11:21:09.061306,24.91,94.93225402019822,99.90999999999995,25.292644832744763
2026-03-11T11:21:10.072297,24.87,94.21513725183891,99.89999999999995,25.327071761509806
2026-03-11T11:21:41.999606,25.18,99.49748424476876,99.99,25.043439035666683
2026-03-11T11:21:42.000039,25.18,99.3948473942618,99.97999999999999,25.09403569304697
2026-03-11T11:21:42.000276,25.18,98.83828837233726,99.96999999999998,25.181849676980438
2026-03-11T11:21:42.000483,25.14,98.10774937992805,99.95999999999998,25.289800606539114
2026-03-11T11:21:42.000713,25.1,97.5212285334338,99.94999999999997,25.40103231583803
2026-03-11T11:21:42.000927,25.13,97.41049198984366,99.93999999999997,25.487414412941728
2026-03-11T11:21:42.001105,25.05,96.59572930148282,99.92999999999996,25.62037795087234
2026-03-11T11:21:42.001262,25.04,96.38550464027252,99.91999999999996,25.723170379406714
2026-03-11T11:21:42.001441,24.97,95.45618734206407,99.90999999999995,25.878014025195206
2026-03-11T11:21:42.001651,24.91,94.94259979543448,99.89999999999995,26.00422607871056
2026-03-11T11:21:42.001823,24.88,94.38514925851237,99.88999999999994,26.11676748602518
2026-03-11T11:21:42.001976,24.82,93.50867444853202,99.87999999999994,26.24703948524271
2026-03-11T11:21:42.002119,24.85,93.48393514697125,99.86999999999993,26.320997882134357
2026-03-11T11:21:42.002262,24.8,93.06171765055613,99.85999999999993,26.41040636742693
2026-03-11T11:21:42.002400,24.75,92.56326256668505,99.84999999999992,26.50098739204273
2026-03-11T11:21:42.002534,24.72,91.81311577633889,99.83999999999992,26.59492901430675
2026-03-11T11:21:42.002664,24.67,90.89636113924168,99.82999999999991,26.685891525467103
2026-03-11T11:21:42.002798,24.67,89.9701280191112,99.81999999999991,26.761486986398292
2026-03-11T11:21:42.002994,24.69,89.94475188120254,99.8099999999999,26.769929692260085
2026-03-11T11:21:42.003197,24.71,89.89586417418722,99.7999999999999,26.761655043250105
2026-03-11T11:21:42.003364,24.7,89.79328779383523,99.78999999999989,26.761184013772162
2026-03-11T11:21:42.003599,24.67,89.31117467920774,99.77999999999989,26.762022170816298
2026-03-11T11:21:42.003896,24.68,88.68450417186085,99.76999999999988,26.764964729666445
2026-03-11T11:21:42.004086,24.69,87.75503948177445,99.75999999999988,26.761181309291395
2026-03-11T11:21:42.004256,24.69,87.19524342858779,99.74999999999987,26.71956358690102
2026-03-11T11:21:42.004409,24.67,86.39544142592787,99.73999999999987,26.673095222579075
2026-03-11T11:21:42.004557,24.67,85.5109913300214,99.72999999999986,26.620233963071477
2026-03-11T11:21:42.004702,24.67,85.24195539455036,99.71999999999986,26.511822543942433
2026-03-11T11:21:42.004879,24.68,84.64468217919188,99.70999999999985,26.420495229318178
2026-03-11T11:21:42.005081,24.7,84.1551646516717,99.69999999999985,26.308274534215535
2026-03-11T11:21:42.005355,24.48,49.03354646430786,99.99,25.0
2026-03-11T11:21:42.005555,24.47,48.79193308038483,99.99,5.0
2026-03-11T11:21:42.005726,24.47,49.348248658892494,99.99,25.0
2026-03-11T11:21:42.005878,24.37,49.348248658892494,99.99,40.0
2026-03-11T11:21:42.006748,25.19,99.53725622879925,99.99,25.056944561724876
2026-03-11T11:21:43.018759,25.18,98.97633063937631,99.97999999999999,25.125261441543188
2026-03-11T11:21:44.031961,25.14,98.42323242347767,99.96999999999998,25.207342859434522
2026-03-11T11:21:45.034172,25.15,98.06704270086803,99.95999999999998,25.29029181085174
2026-03-11T11:21:46.036071,25.06,97.12234166164949,99.94999999999997,25.427515604410804
2026-03-11T11:21:47.049987,25.08,96.82592606965422,99.93999999999997,25.515393698126687
2026-03-11T11:21:48.058439,25.02,96.36058420579388,99.92999999999996,25.62211425402337
2026-03-11T11:21:49.068241,25.01,95.79660133151542,99.91999999999996,25.745789149369276
2026-03-11T11:21:50.083086,24.91,94.93225402019822,99.90999999999995,25.884730551862496
2026-03-11T11:21:51.099714,24.87,94.21513725183891,99.89999999999995,26.012248296819124
2026-03-11T11:22:13.031303,25.18,99.49748424476876,99.99,25.07479757464698
2026-03-11T11:22:13.031555,25.18,99.3948473942618,99.97999999999999,25.184631885374564
2026-03-11T11:22:13.031761,25.18,98.83828837233726,99.96999999999998,25.356091348387757
2026-03-11T11:22:13.032044,25.14,98.10774937992805,99.95999999999998,25.56863910372844
2026-03-11T11:22:13.032554,25.1,97.5212285334338,99.94999999999997,25.801986963308423
2026-03-11T11:22:13.032973,25.13,97.41049198984366,99.93999999999997,26.02460917135282
2026-03-11T11:22:13.033344,25.05,96.59572930148282,99.92999999999996,26.30459241534998
2026-03-11T11:22:13.033629,25.04,96.38550464027252,99.91999999999996,26.561906845079807
2026-03-11T11:22:13.033931,24.97,95.45618734206407,99.90999999999995,26.875581942613476
2026-03-11T11:22:13.034158,24.91,94.94259979543448,99.89999999999995,27.161844825522333
2026-03-11T11:22:13.034392,24.88,94.38514925851237,99.88999999999994,27.432687995448557
2026-03-11T11:22:13.034600,24.82,93.50867444853202,99.87999999999994,27.716684898612293
2026-03-11T11:22:13.034827,24.85,93.48393514697125,99.86999999999993,27.937123034387124
2026-03-11T11:22:13.035033,24.8,93.06171765055613,99.85999999999993,28.1632755730649
2026-03-11T11:22:13.035220,24.75,92.56326256668505,99.84999999999992,28.378569677116904
2026-03-11T11:22:13.035401,24.72,91.81311577633889,99.83999999999992,28.58310963948399
2026-03-11T11:22:13.035611,24.67,90.89636113924168,99.82999999999991,28.76869836834676
2026-03-11T11:22:13.035910,24.67,89.9701280191112,99.81999999999991,28.92133009987853
2026-03-11T11:22:13.036274,24.69,89.94475188120254,99.8099999999999,28.98785213168508
2026-03-11T11:22:13.036638,24.71,89.89586417418722,99.7999999999999,29.017592859867936
2026-03-11T11:22:13.037193,24.7,89.79328779383523,99.78999999999989,29.034233147040695
2026-03-11T11:22:13.037689,24.67,89.31117467920774,99.77999999999989,29.030709838401197
2026-03-11T11:22:13.038211,24.68,88.68450417186085,99.76999999999988,29.007522812400513
2026-03-11T11:22:13.038774,24.69,87.75503948177445,99.75999999999988,28.9558191594398
2026-03-11T11:22:13.039192,24.69,87.19524342858779,99.74999999999987,28.844737652034585
2026-03-11T11:22:13.039556,24.67,86.39544142592787,99.73999999999987,28.707772874122025
2026-03-11T11:22:13.039914,24.67,85.5109913300214,99.72999999999986,28.544148947772616
2026-03-11T11:22:13.040240,24.67,85.24195539455036,99.71999999999986,28.305719537418785
2026-03-11T11:22:13.040535,24.68,84.64468217919188,99.70999999999985,28.066361062427188
2026-03-11T11:22:13.040829,24.7,84.1551646516717,99.69999999999985,27.789553784013645
2026-03-11T11:22:13.041052,24.48,49.03354646430786,99.99,25.0
2026-03-11T11:22:13.041302,24.47,48.79193308038483,99.99,5.0
2026-03-11T11:22:13.041676,24.47,49.348248658892494,99.99,25.0
2026-03-11T11:22:13.042001,24.37,49.348248658892494,99.99,40.0
2026-03-11T11:22:13.043045,25.19,99.53725622879925,99.99,25.088303100705172
2026-03-11T11:22:14.058369,25.18,98.97633063937631,99.97999999999999,25.21585763387078
2026-03-11T11:22:15.072633,25.14,98.42323242347767,99.96999999999998,25.381584530841838
2026-03-11T11:22:16.084367,25.15,98.06704270086803,99.95999999999998,25.569130308041064
2026-03-11T11:22:17.087066,25.06,97.12234166164949,99.94999999999997,25.828470251881196
2026-03-11T11:22:18.096926,25.08,96.82592606965422,99.93999999999997,26.05258845653778
2026-03-11T11:22:19.097788,25.02,96.36058420579388,99.92999999999996,26.30632871850101
2026-03-11T11:22:20.112390,25.01,95.79660133151542,99.91999999999996,26.584525615042374
2026-03-11T11:22:21.127067,24.91,94.93225402019822,99.90999999999995,26.882298469280766
2026-03-11T11:22:22.141934,24.87,94.21513725183891,99.89999999999995,27.169867043630894
2026-03-12T16:20:02.016630,25.19,99.39634985479762,100.0,25.039048201715325
2026-03-12T16:20:02.017185,25.14,98.69819473613943,100.0,25.07959217286422
2026-03-12T16:20:02.017378,25.15,98.29663866929933,100.0,25.102152906787428
2026-03-12T16:20:02.017616,25.1,97.53607779539745,100.0,25.14415922238765
2026-03-12T16:20:02.017803,25.1,97.48677890003329,100.0,25.145721886603717
2026-03-12T16:20:02.017956,25.04,96.5133219119591,100.0,25.201406864911444
2026-03-12T16:20:02.018087,25.03,96.12278723614111,100.0,25.220202730000782
2026-03-12T16:20:02.018225,25.0,95.606060398726,100.0,25.245426376181143
2026-03-12T16:20:02.018363,25.0,95.52509112191912,100.0,25.240621043944447
2026-03-12T16:20:02.018609,24.95,94.9861600061249,100.0,25.264533003095156
2026-03-12T16:20:02.018797,24.9,94.64059442476709,100.0,25.277638836454827
2026-03-12T16:20:02.018941,24.92,94.4609788503021,100.0,25.28111933245804
2026-03-12T16:20:02.019080,24.82,93.5421739496285,100.0,25.328578344160242
2026-03-12T16:20:02.019353,24.82,93.3137770441274,100.0,25.3321306119417
2026-03-12T16:20:02.019524,24.75,92.4466160681079,100.0,25.372659827739803
2026-03-12T16:20:02.019684,24.73,91.94461223724302,100.0,25.3902191348283
2026-03-12T16:20:02.020112,24.74,91.63369285547537,100.0,25.39904116621886
2026-03-12T16:20:02.020307,24.67,90.84042619069176,100.0,25.4343571001081
2026-03-12T16:20:02.020510,24.72,90.77312036915806,100.0,25.42570692742547
2026-03-12T16:20:02.020662,24.68,90.17790781459942,100.0,25.450083829641205
2026-03-12T16:20:02.020796,24.69,90.01044334466825,100.0,25.450406630183725
2026-03-12T16:20:02.020929,24.7,89.58098963780911,100.0,25.464467746068856
2026-03-12T16:20:02.021158,24.69,89.5308308485868,100.0,25.454260230607115
2026-03-12T16:20:02.021342,24.67,89.1260102993124,100.0,25.465066631071963
2026-03-12T16:20:02.021504,24.7,89.02667933499207,100.0,25.45725268466791
2026-03-12T16:20:02.021717,24.68,88.6065584833273,100.0,25.470039489845036
2026-03-12T16:20:02.021896,24.67,87.83712100543222,100.0,25.505105249237353
2026-03-12T16:20:02.022069,24.67,87.4729203779024,100.0,25.515811429368433
2026-03-12T16:20:02.022241,24.66,86.69235632579479,100.0,25.54817404349868
2026-03-12T16:20:02.022374,24.65,85.73297165308735,100.0,25.593450021798787
2026-03-12T16:20:02.022615,24.68,85.02430801811607,100.0,25.61786161001054
2026-03-12T16:20:02.022834,24.69,84.77450177400782,100.0,25.615439093820147
2026-03-12T16:20:02.022994,24.68,83.96733423401923,100.0,25.64991250163516
2026-03-12T16:20:02.023143,24.69,83.36910904402755,100.0,25.669641327851895
2026-03-12T16:20:02.023292,24.68,83.0661321221302,100.0,25.669839040848096
2026-03-12T16:20:02.023523,24.66,82.07716451364684,100.0,25.713620820010316
2026-03-12T16:20:02.023661,24.68,82.0223820860201,100.0,25.69636629539806
2026-03-12T16:20:02.023880,24.68,81.57704341515382,100.0,25.70568780810586
2026-03-12T16:20:02.024042,24.66,80.74865800934084,100.0,25.739593923663396
2026-03-12T16:20:02.024243,24.7,80.67936211991473,100.0,25.724723513745555
2026-03-12T16:20:02.024469,24.69,80.47142478931067,100.0,25.716737928977906
2026-03-12T16:20:02.024652,24.68,80.18997967848937,100.0,25.711993529106678
2026-03-12T16:20:02.024834,24.65,79.48106976717504,100.0,25.73311796627278
2026-03-12T16:20:02.025070,24.68,78.93781385290889,100.0,25.748146947475124
2026-03-12T16:20:02.025235,24.65,78.4645822224613,100.0,25.75790854676969
2026-03-12T16:20:02.025423,24.68,77.95851919820656,100.0,25.767426845962863
2026-03-12T16:20:02.025579,24.68,77.37873978616456,100.0,25.7838900394504
2026-03-12T16:20:02.025711,24.66,76.66613473863694,100.0,25.807902547845245
2026-03-12T16:20:02.025862,24.66,76.12005159846227,100.0,25.818778252911518
2026-03-12T16:20:02.026102,24.66,75.54761418841852,100.0,25.83108581591529
2026-03-12T16:20:02.026270,24.67,75.0979160315529,100.0,25.838873236300767
2026-03-12T16:20:02.026515,24.66,75.03154531116803,100.0,25.823034412201523
2026-03-12T16:20:02.026677,24.63,74.48690697912451,100.0,25.83660950982685
2026-03-12T16:20:02.026814,24.67,74.28659781178678,100.0,25.828623373872006
2026-03-12T16:20:02.026968,24.65,73.9875217993824,100.0,25.827977206928374
2026-03-12T16:20:02.027095,24.65,73.71041006962875,100.0,25.820439239748637
2026-03-12T16:20:02.027242,24.64,73.54476098789866,100.0,25.810459777934796
2026-03-12T16:20:02.027388,24.64,72.58071135639162,100.0,25.846167914929246
2026-03-12T16:20:02.027527,24.62,71.84839787643041,100.0,25.86944360564187
2026-03-12T16:20:02.027650,24.64,71.65874198680679,100.0,25.855943771697365
2026-03-12T16:20:02.027856,24.65,71.46322426135129,100.0,25.847561286944522
2026-03-12T16:20:02.028034,24.61,70.84255961308078,100.0,25.86391161946239
2026-03-12T16:20:02.028210,24.66,70.69275283619412,100.0,25.853934674876708
2026-03-12T16:20:02.028390,24.62,70.33273183879653,100.0,25.85446296935782
2026-03-12T16:20:02.028630,24.61,69.41356714794198,100.0,25.88903109323321
2026-03-12T16:20:02.028796,24.61,69.13443269532306,100.0,25.882835122333034
2026-03-12T16:20:02.028927,24.64,68.94598339409467,100.0,25.873332176960297
2026-03-12T16:20:02.029075,24.62,68.11356358438546,100.0,25.903186923022975
2026-03-12T16:20:02.029214,24.62,67.45921932772632,100.0,25.916700999699508
2026-03-12T16:20:02.029343,24.58,66.53742786183676,100.0,25.94977811974643
2026-03-12T16:20:02.029462,24.61,65.64412107158012,100.0,25.981167413448254
2026-03-12T16:20:02.029854,24.58,65.1044039947198,100.0,25.98953046100181
2026-03-12T16:20:02.030003,24.58,64.15324522431837,100.0,26.020452846725103
2026-03-12T16:20:02.030144,24.61,64.00740539884004,100.0,26.001311839167514
2026-03-12T16:20:02.030334,24.59,63.55202518705077,100.0,26.004785753463988
2026-03-12T16:20:02.030524,24.58,62.79518968974921,100.0,26.02504151710467
2026-03-12T16:20:02.030681,24.57,61.97562883741252,100.0,26.047388568464363
2026-03-12T16:20:02.030892,24.56,61.30097651348709,100.0,26.060834797365366
2026-03-12T16:20:02.031071,24.56,60.53766457353784,100.0,26.07978391978228
2026-03-12T16:20:02.031214,24.59,60.325491250353515,100.0,26.066362767265254
2026-03-12T16:20:02.031437,24.56,59.44775996991463,100.0,26.09290497348842
2026-03-12T16:20:02.031692,24.54,58.777903916995335,100.0,26.106289243463273
2026-03-12T16:20:02.031901,24.58,58.74319157260567,100.0,26.07936185513048
2026-03-12T16:20:02.032084,24.58,58.71555960127812,100.0,26.05493941159616
2026-03-12T16:20:02.032253,24.54,58.103439062905125,100.0,26.06746610552153
2026-03-12T16:20:02.032425,24.55,57.89731977349479,100.0,26.0548165653889
2026-03-12T16:20:02.032582,24.53,57.11049739552979,100.0,26.073252462425675
2026-03-12T16:20:02.032786,24.53,56.237013505082665,100.0,26.09979358333125
2026-03-12T16:20:02.032942,24.52,55.467837661016915,100.0,26.118210829222324
2026-03-12T16:20:02.033181,24.53,55.386461618742054,100.0,26.092275847695067
2026-03-12T16:20:02.033401,24.53,54.6376478755818,100.0,26.111373950873805
2026-03-12T16:20:02.033599,24.53,54.605798725527464,100.0,26.08660417709513
2026-03-12T16:20:02.033818,24.54,54.47291408716461,100.0,26.070145213325528
2026-03-12T16:20:02.033979,24.54,54.20419418037151,100.0,26.057669678650615
2026-03-12T16:20:02.034249,24.54,53.53320414008208,100.0,26.072342694036813
2026-03-12T16:20:02.034403,24.55,53.44305866033754,100.0,26.049036733606073
2026-03-12T16:20:02.034692,24.53,53.29335696090216,100.0,26.030614274371864
2026-03-12T16:20:02.034878,24.51,52.44288606379352,100.0,26.056783186182553
2026-03-12T16:20:02.035076,24.5,52.021224917770716,100.0,26.05555453352948
2026-03-12T16:20:02.035326,24.53,51.9418923783484,99.9,26.040699268042772
2026-03-12T16:20:02.035558,24.52,51.53639506203162,99.9,26.03718368750547
2026-03-12T16:20:02.035807,24.5,50.71827627678607,99.9,26.060785686123825
2026-03-12T16:20:02.035961,24.53,50.42719276509875,99.9,26.052437184631206
2026-03-12T16:20:02.036092,24.47,49.45436866499684,99.9,26.08316903012648
2026-03-12T16:20:02.036277,24.48,48.655618916826185,99.9,26.10367482097177
2026-03-12T16:20:02.036415,24.48,48.21628851885272,99.9,26.102223123946263
2026-03-12T16:20:02.036541,24.47,47.718519681293365,99.9,26.106274776471555
2026-03-12T16:20:02.036718,24.48,47.199490919901535,99.9,26.108885529896806
2026-03-12T16:20:02.036844,24.5,46.97808399133986,99.9,26.09841855735393
2026-03-12T16:20:02.036962,24.48,46.5930863937246,99.9,26.094527928594765
2026-03-12T16:20:02.037280,24.46,45.64088810206492,99.9,26.124672136619346
2026-03-12T16:20:02.037449,24.47,45.084047761075986,99.9,26.128938066910543
2026-03-12T16:20:02.037597,24.46,44.71572129929033,99.9,26.125000395716224
2026-03-12T16:20:02.037738,24.47,44.27983123597539,99.9,26.121741514877414
2026-03-12T16:20:02.038006,24.48,43.75671744784864,99.9,26.128719576211463
2026-03-12T16:20:02.038188,24.46,43.14455497073338,99.9,26.1382263036336
2026-03-12T16:20:02.038369,24.47,42.432123026926696,99.9,26.155290818122833
2026-03-12T16:20:02.038551,24.48,42.36412220474149,99.9,26.131605599102603
2026-03-12T16:20:02.038702,24.45,41.54495795602083,99.9,26.15201137716521
2026-03-12T16:20:02.038858,24.44,41.05346504156087,99.9,26.151877275949403
2026-03-12T16:20:02.039079,24.47,40.89993655179393,99.9,26.13674730384771
2026-03-12T16:20:02.039215,24.45,40.203632991345025,99.9,26.150611730554953
2026-03-12T16:20:02.039361,24.44,39.96617911285665,99.9,26.138226886071195
2026-03-12T16:20:02.039508,24.45,39.963398914693386,99.9,26.1148841013349
2026-03-12T16:20:02.039728,24.46,39.657529099312455,99.9,26.107145520618424
2026-03-12T16:20:02.039898,24.43,39.33390849913644,99.9,26.10146032277206
2026-03-12T16:20:02.040077,24.43,39.15719827020614,99.9,26.08661271820885
2026-03-12T16:20:02.040219,24.45,38.835353805102315,99.9,26.080544931861997
2026-03-12T16:20:02.040400,24.43,38.274642167871185,99.9,26.08909657531648
2026-03-12T16:20:02.040561,24.41,37.53783261964691,99.9,26.110430208771117
2026-03-12T16:20:02.040754,24.41,36.723106375803034,99.9,26.13182201771384
2026-03-12T16:20:02.040886,24.43,35.943336137427266,99.9,26.153727204650963
2026-03-12T16:20:02.041013,24.44,35.51255524832179,99.9,26.154008285074017
2026-03-12T16:20:02.041135,24.45,35.29190508340531,99.9,26.143975072083357
2026-03-12T16:20:02.041298,24.4,34.665874395624094,99.9,26.155483770502144
2026-03-12T16:20:02.041421,24.43,34.32480248890158,99.9,26.14809896354213
2026-03-12T16:20:02.041571,24.44,34.111100004059416,99.9,26.137573081441044
2026-03-12T16:20:02.041752,24.39,33.53415291942327,99.9,26.149041224704295
2026-03-12T16:20:02.041949,24.42,33.01320072921924,99.9,26.156492751684674
2026-03-12T16:20:02.042083,24.4,32.298974301612674,99.9,26.176057819097668
2026-03-12T16:20:02.042225,24.41,31.525540493730304,99.9,26.1966277304775
2026-03-12T16:20:02.042345,24.39,30.689446130722708,99.9,26.22017262038709
2026-03-12T16:20:02.042489,24.39,29.908435113755992,99.9,26.242274692590712
2026-03-12T16:20:02.042633,24.38,29.295813040046614,99.9,26.25356703037857
2026-03-12T16:20:02.042789,24.39,28.507860138549308,99.9,26.27470055687554
2026-03-12T16:20:02.042959,24.4,27.853424207455795,99.9,26.28414139388771
2026-03-12T16:20:02.043089,24.38,27.34233923029968,99.9,26.286117063514226
2026-03-12T16:20:02.043225,24.41,26.93597825573641,99.9,26.281015617172308
2026-03-12T16:20:02.043406,24.38,26.341995491968078,99.9,26.284752584173525
2026-03-12T16:20:02.043609,24.39,26.003511446761713,99.9,26.277924758365693
2026-03-12T16:20:02.043798,24.37,25.219363645060294,99.9,26.294229275688856
2026-03-12T16:20:02.043953,24.39,24.325360054410158,99.9,26.31736795289003
2026-03-12T16:20:02.044156,24.4,23.788873073286286,99.9,26.316744835052027
2026-03-12T16:20:02.044365,24.36,23.075856595787812,99.9,26.32738970807219
2026-03-12T16:20:02.044529,24.38,23.07175320885715,99.9,26.29618146766706
2026-03-12T16:20:02.044680,24.41,23.045935541215314,99.9,26.271590923331843
2026-03-12T16:20:02.044821,24.41,22.72936150631283,99.9,26.262480640473225
2026-03-12T16:20:02.044947,24.39,22.208464804662427,99.9,26.263923042252603
2026-03-12T16:20:02.045102,24.37,21.430874181194575,99.9,26.28286960926075
2026-03-12T16:20:02.045263,24.39,20.732429522875144,99.9,26.293998272663185
2026-03-12T16:20:02.045403,24.38,20.016626367320494,99.9,26.30935672110327
2026-03-12T16:20:02.045756,24.39,19.3882299479882,99.9,26.320191705765186
2026-03-12T16:20:02.045894,24.38,18.953180011124424,99.9,26.31910571346254
2026-03-12T16:20:02.046160,24.37,18.67192368130301,99.9,26.306664262481842
2026-03-12T16:20:02.046349,24.32,18.300043244501403,99.9,26.299022404138253
2026-03-12T16:20:02.046537,24.35,18.280435112392507,99.9,26.272755282179947
2026-03-12T16:20:02.046691,24.33,18.24552884497567,99.9,26.244567954412243
2026-03-12T16:20:02.046838,24.31,17.848992583395106,99.9,26.238962874427713
2026-03-12T16:20:02.046966,24.26,17.063026011889377,99.9,26.259527938456237
2026-03-12T16:20:02.047368,24.19,16.463078508465053,99.9,26.266441082137863
2026-03-12T16:20:02.047588,24.11,15.743797693716171,99.9,26.280912078700982
2026-03-12T16:20:02.047763,24.07,15.32932700033623,99.9,26.27587069245086
2026-03-12T16:20:02.047938,24.02,14.92369685433689,99.9,26.270313789494583
2026-03-12T16:20:02.048122,23.94,14.438136689001308,99.9,26.271863194198207
2026-03-12T16:20:02.048333,23.82,13.77174978304713,99.9,26.286924223110724
2026-03-12T16:20:02.048516,23.7,12.887633753840205,99.9,26.313477563588684
2026-03-12T16:20:02.048718,23.58,12.365549019944524,99.9,26.317974293305234
2026-03-12T16:20:02.048902,23.48,11.604575458079095,99.9,26.33702614644037
2026-03-12T16:20:02.049093,23.31,10.636830016700518,99.9,26.365690722521045
2026-03-12T16:20:02.049239,23.31,10.63176900494291,99.9,26.336951089441175
2026-03-12T16:20:02.049373,23.22,10.192851458979375,99.9,26.3371570402683
2026-03-12T16:20:02.049518,23.16,9.798402096255925,99.9,26.332672363197045
2026-03-12T16:20:02.049700,22.97,8.886235682830014,99.9,26.361164182085105
2026-03-12T16:20:02.049896,22.93,8.582385017467491,99.9,26.35117543585829
2026-03-12T16:20:02.050099,22.84,8.168899151859836,99.9,26.3478208405435
2026-03-12T16:20:02.050235,22.82,7.907704427491188,99.9,26.332810131361864
2026-03-12T16:20:02.050404,22.79,7.7560020452863725,99.9,26.313134124697765
2026-03-12T16:20:02.050552,22.76,7.463381287768829,99.9,26.300450565143485
2026-03-12T16:20:02.050678,22.59,6.647887819939055,99.9,26.322500854568005
2026-03-12T16:20:02.050902,22.44,5.666380873453477,99.9,26.356267108657867
2026-03-12T16:20:02.051097,22.36,5.035081511102284,99.9,26.367060532230308
2026-03-12T16:20:02.051257,22.25,4.231028150728226,99.9,26.385141375535586
2026-03-12T16:20:02.051401,22.16,3.3318885244898517,99.9,26.41010391882788
2026-03-12T16:20:02.051538,22.16,3.2858098642891647,99.9,26.379806257607402
2026-03-12T16:20:02.051760,22.06,2.402464935249491,99.9,26.406045306420893
2026-03-12T16:20:02.051949,22.04,1.9736453675568477,99.9,26.399749621734138
2026-03-12T16:20:02.052088,22.0,1.0066094291487229,99.9,26.42979822972448
2026-03-12T16:20:02.052213,22.0,0.6057677760635363,99.9,26.425596686136522
2026-03-12T16:20:02.052372,22.0,0.369431199305384,99.9,26.41039003869407
2026-03-12T16:20:02.052527,22.0,0.20607912680726034,99.80000000000001,26.390271745167
2026-03-12T16:20:02.052784,22.01,0.0,99.80000000000001,26.383662153674052
2026-03-12T16:20:02.053049,22.0,0.0,99.80000000000001,26.403080435353015
2026-03-12T16:20:02.053266,22.0,0.0,99.80000000000001,26.40906683213393
2026-03-12T16:20:02.053432,22.0,0.0,99.80000000000001,26.40025813159967
2026-03-12T16:20:02.053622,22.0,0.0,99.80000000000001,26.39803884538967
2026-03-12T16:20:02.053817,22.0,0.0,99.80000000000001,26.419079646176517
2026-03-12T16:20:02.053979,22.01,0.0,99.80000000000001,26.402735788185538
2026-03-12T16:20:02.054140,22.0,0.0,99.80000000000001,26.39763510871512
2026-03-12T16:20:02.054275,22.0,0.0,99.80000000000001,26.416415350616433
2026-03-12T16:20:02.054451,22.01,0.0,99.80000000000001,26.403875368785712
2026-03-12T16:20:02.054619,22.0,0.0,99.80000000000001,26.435599034021223
2026-03-12T16:20:02.054802,22.0,0.0,99.80000000000001,26.438137720324743
2026-03-12T16:20:02.054960,22.0,0.0,99.80000000000001,26.453101195377457
2026-03-12T16:20:02.055097,22.0,0.0,99.80000000000001,26.467565467788145
2026-03-12T16:20:02.055225,22.0,0.0,99.80000000000001,26.474439703036797
2026-03-12T16:20:02.055416,22.0,0.0,99.80000000000001,26.47212724659818
2026-03-12T16:20:02.055591,22.0,0.0,99.80000000000001,26.47688900245455
2026-03-12T16:20:02.055733,22.0,0.0,99.80000000000001,26.472827055093155
2026-03-12T16:20:02.055867,22.0,0.0,99.80000000000001,26.471039396384334
2026-03-12T16:20:02.056083,22.0,0.0,99.80000000000001,26.49260088966994
2026-03-12T16:20:02.056281,22.0,0.0,99.80000000000001,26.510651134370757
2026-03-12T16:20:02.056421,22.0,0.0,99.80000000000001,26.537505183772062
2026-03-12T16:20:02.056607,22.0,0.0,99.80000000000001,26.55991554471232
2026-03-12T16:20:02.056804,22.0,0.0,99.80000000000001,26.5759370820729
2026-03-12T16:20:02.057048,22.0,0.0,99.80000000000001,26.55239421937394
2026-03-12T16:20:02.057220,22.0,0.0,99.80000000000001,26.540789080473346
2026-03-12T16:20:02.057363,22.0,0.0,99.80000000000001,26.567362203724052
2026-03-12T16:20:02.057546,22.0,0.0,99.80000000000001,26.537041045970792
2026-03-12T16:20:02.057771,22.0,0.0,99.80000000000001,26.528013397570167
2026-03-12T16:20:02.057987,22.0,0.0,99.80000000000001,26.54700341680435
2026-03-12T16:20:02.058214,22.0,0.0,99.80000000000001,26.556439830535272
2026-03-12T16:20:02.058382,22.0,0.0,99.80000000000001,26.548301103146414
2026-03-12T16:20:02.058537,22.0,0.0,99.80000000000001,26.530886236774304
2026-03-12T16:20:02.058699,22.0,0.0,99.80000000000001,26.517716478154465
2026-03-12T16:20:02.058861,22.0,0.0,99.80000000000001,26.5434642092594
2026-03-12T16:20:02.059002,22.0,0.0,99.80000000000001,26.54477863286189
2026-03-12T16:20:02.059136,22.0,0.0,99.80000000000001,26.54829653301225
2026-03-12T16:20:02.059263,22.0,0.0,99.80000000000001,26.560160203662896
2026-03-12T16:20:02.059427,22.01,0.0,99.80000000000001,26.5342790416265
2026-03-12T16:20:02.059633,22.01,0.0,99.80000000000001,26.50508563558477
2026-03-12T16:20:02.059772,22.0,0.0,99.80000000000001,26.507539045429557
2026-03-12T16:20:02.059897,22.0,0.0,99.80000000000001,26.531436946009702
2026-03-12T16:20:02.060078,22.0,0.0,99.80000000000001,26.548949538458025
2026-03-12T16:20:02.060264,22.0,0.0,99.80000000000001,26.57153563709542
2026-03-12T16:20:02.060395,22.0,0.0,99.80000000000001,26.557247547357417
2026-03-12T16:20:02.060563,22.0,0.0,99.80000000000001,26.559877988289106
2026-03-12T16:20:02.060689,22.0,0.0,99.80000000000001,26.57032520677675
2026-03-12T16:20:02.060814,22.0,0.0,99.80000000000001,26.591206597288615
2026-03-12T16:20:02.060991,22.0,0.0,99.80000000000001,26.60501895495617
2026-03-12T16:20:02.061241,22.0,0.0,99.80000000000001,26.591505932383498
2026-03-12T16:20:02.061461,22.0,0.0,99.80000000000001,26.611647456204892
2026-03-12T16:20:02.061638,22.0,0.0,99.80000000000001,26.615838297771752
2026-03-12T16:20:02.061867,22.0,0.0,99.80000000000001,26.594345529722062
2026-03-12T16:20:02.062123,22.0,0.0,99.80000000000001,26.5802031316166
2026-03-12T16:20:02.062282,22.0,0.0,99.80000000000001,26.600115626350792
2026-03-12T16:20:02.062417,22.0,0.0,99.80000000000001,26.570135025810497
2026-03-12T16:20:02.062618,22.0,0.0,99.80000000000001,26.557555053551347
2026-03-12T16:20:02.062820,22.0,0.0,99.80000000000001,26.542447225163546
2026-03-12T16:20:02.063004,22.0,0.0,99.80000000000001,26.547640233517722
2026-03-12T16:20:02.063207,22.01,0.0,99.80000000000001,26.534305575092905
2026-03-12T16:20:02.063374,22.0,0.0,99.80000000000001,26.53452947204172
2026-03-12T16:20:02.063573,22.0,0.0,99.80000000000001,26.550231598540556
2026-03-12T16:20:02.063721,22.0,0.0,99.80000000000001,26.58006546879903
2026-03-12T16:20:02.063875,22.0,0.0,99.80000000000001,26.59808028965307
2026-03-12T16:20:02.064090,22.0,0.0,99.80000000000001,26.572840293915203
2026-03-12T16:20:02.064307,22.0,0.0,99.80000000000001,26.558705063966638
2026-03-12T16:20:02.064511,22.0,0.0,99.80000000000001,26.55026113570305
2026-03-12T16:20:02.064663,22.0,0.0,99.80000000000001,26.57836511935099
2026-03-12T16:20:02.064801,22.0,0.0,99.80000000000001,26.575917864210744
2026-03-12T16:20:02.065065,22.0,0.0,99.80000000000001,26.580010123889206
2026-03-12T16:20:02.065303,22.0,0.0,99.80000000000001,26.5527071174384
2026-03-12T16:20:02.065561,22.0,0.0,99.80000000000001,26.541054875439123
2026-03-12T16:20:02.065887,22.0,0.0,99.80000000000001,26.564841567981954
2026-03-12T16:20:02.066172,22.01,0.0,99.80000000000001,26.543598731313413
2026-03-12T16:20:02.066363,22.0,0.0,99.80000000000001,26.561710019687187
2026-03-12T16:20:02.066517,22.0,0.0,99.80000000000001,26.58029568333096
2026-03-12T16:20:02.066654,22.01,0.0,99.80000000000001,26.566789201292398
2026-03-12T16:20:02.066790,22.0,0.0,99.80000000000001,26.577117032571316
2026-03-12T16:20:02.066946,22.0,0.0,99.80000000000001,26.55934641793334
2026-03-12T16:20:02.067180,22.0,0.0,99.80000000000001,26.557823931184156
2026-03-12T16:20:02.067402,22.0,0.0,99.80000000000001,26.579138138242392
2026-03-12T16:20:02.067623,22.0,0.0,99.80000000000001,26.599792942044225
2026-03-12T16:20:02.067830,22.0,0.0,99.80000000000001,26.627747620336063
2026-03-12T16:20:02.068026,22.0,0.0,99.80000000000001,26.60647299154479
2026-03-12T16:20:02.068168,22.0,0.0,99.80000000000001,26.61548780230249
2026-03-12T16:20:02.068293,22.0,0.0,99.80000000000001,26.599243736122233
2026-03-12T16:20:02.068412,22.0,0.0,99.80000000000001,26.57630210578188
2026-03-12T16:20:02.068574,22.0,0.0,99.80000000000001,26.598552499537906
2026-03-12T16:20:02.068700,22.0,0.0,99.80000000000001,26.581730405828342
2026-03-12T16:20:02.068921,22.0,0.0,99.80000000000001,26.576674465245535
2026-03-12T16:20:02.069155,22.0,0.0,99.80000000000001,26.57230718538041
2026-03-12T16:20:02.069349,22.0,0.0,99.80000000000001,26.59787421949107
2026-03-12T16:20:02.069496,22.0,0.0,99.80000000000001,26.57876129889211
2026-03-12T16:20:02.069652,22.0,0.0,99.80000000000001,26.610890375345132
2026-03-12T16:20:02.069782,22.0,0.0,99.80000000000001,26.584806506172335
2026-03-12T16:20:02.069903,22.0,0.0,99.80000000000001,26.603472821392497
2026-03-12T16:20:02.070044,22.0,0.0,99.80000000000001,26.615791552430245
2026-03-12T16:20:02.070197,22.0,0.0,99.80000000000001,26.62537358100813
2026-03-12T16:20:02.070333,22.0,0.0,99.80000000000001,26.61949589089014
2026-03-12T16:20:02.070457,22.0,0.0,99.70000000000002,26.595196838700293
2026-03-12T16:35:19.515958,25.18,99.49748424476876,100.0,25.027928496465247
2026-03-12T16:35:19.516370,25.18,99.3948473942618,100.0,25.035534519741876
2026-03-12T16:35:19.516670,25.18,98.83828837233726,100.0,25.068656704628555
2026-03-12T16:35:19.517021,25.14,98.10774937992805,100.0,25.110967538440676
2026-03-12T16:35:19.517280,25.1,97.5212285334338,100.0,25.144650076655946
2026-03-12T16:35:19.517691,25.13,97.41049198984366,100.0,25.148016981293686
2026-03-12T16:35:19.518228,25.05,96.59572930148282,100.0,25.192599981184504
2026-03-12T16:35:19.518695,25.04,96.38550464027252,100.0,25.20101444402253
2026-03-12T16:35:19.519071,24.97,95.45618734206407,100.0,25.25418800098885
2026-03-12T16:35:19.519387,24.91,94.94259979543448,100.0,25.281003857547997
2026-03-12T16:35:19.519678,24.88,94.38514925851237,100.0,25.305754276568376
2026-03-12T16:35:19.520029,24.82,93.50867444853202,100.0,25.349668786051804
2026-03-12T16:35:19.520344,24.85,93.48393514697125,100.0,25.341944409576794
2026-03-12T16:35:19.520604,24.8,93.06171765055613,100.0,25.35707999490041
2026-03-12T16:35:19.520920,24.75,92.56326256668505,100.0,25.37773164602224
2026-03-12T16:35:19.521225,24.72,91.81311577633889,100.0,25.412451919166646
2026-03-12T16:35:19.521491,24.67,90.89636113924168,100.0,25.456097909166182
2026-03-12T16:35:19.521728,24.67,89.9701280191112,100.0,25.498639662385262
2026-03-12T16:35:19.521947,24.69,89.94475188120254,100.0,25.486504690640295
2026-03-12T16:35:19.522175,24.71,89.89586417418722,100.0,25.47387335064647
2026-03-12T16:35:19.522584,24.7,89.79328779383523,100.0,25.469452043459032
2026-03-12T16:35:19.522894,24.67,89.31117467920774,100.0,25.485497689458636
2026-03-12T16:35:19.523175,24.68,88.68450417186085,100.0,25.512293509382683
2026-03-12T16:35:19.523414,24.69,87.75503948177445,100.0,25.554016827451363
2026-03-12T16:35:19.523626,24.69,87.19524342858779,100.0,25.572828496321765
2026-03-12T16:35:19.523821,24.67,86.39544142592787,100.0,25.6041109516177
2026-03-12T16:35:19.524012,24.67,85.5109913300214,100.0,25.64062422026605
2026-03-12T16:35:19.524228,24.67,85.24195539455036,100.0,25.638072934456552
2026-03-12T16:35:19.524487,24.68,84.64468217919188,100.0,25.657522839276297
2026-03-12T16:35:19.524687,24.7,84.1551646516717,100.0,25.669190184147297
2026-03-12T16:35:19.526439,25.16,99.55926740082465,100.0,25.029305509006264
2026-03-12T16:35:19.526681,25.16,99.44908425103081,100.0,5.629305509006262
2026-03-12T16:35:19.528030,25.22,99.98795393464336,100.0,25.001696103809632
2026-03-12T16:35:19.528249,25.12,99.98795393464336,100.0,39.551696103809626
2026-03-12T16:35:19.529723,25.16,99.20056604487692,100.0,25.04780533177618
2026-03-12T16:35:19.635727,25.14,98.44636447852314,100.0,25.09211448295493
2026-03-12T16:35:19.744381,25.15,98.20477064526858,100.0,25.1043537630061
2026-03-12T16:35:19.853695,25.11,97.43622374369103,100.0,25.14672442922355
2026-03-12T16:35:19.962412,25.08,97.15288372221399,100.0,25.16230546170066
2026-03-12T16:35:20.072738,25.02,96.33873057625603,100.0,25.205440968797028
2026-03-12T16:35:20.181931,25.05,96.27424982808498,100.0,25.20337845483911
2026-03-12T16:35:20.291691,24.95,95.37077014517824,100.0,25.252372428358896
2026-03-12T16:35:20.401690,24.94,95.01144434987656,100.0,25.269112365400122
2026-03-12T16:35:20.510450,24.91,94.47230272061212,100.0,25.295318499851113
2026-03-12T16:35:20.619824,24.87,94.22331511808878,100.0,25.299952286817526
2026-03-12T16:35:20.729841,24.82,93.31454648118745,100.0,25.346286549134362
2026-03-12T16:35:20.839505,24.83,93.31147335890395,100.0,25.338423100779234
2026-03-12T16:35:20.949334,24.8,92.8983019157042,100.0,25.356806909567183
2026-03-12T16:35:21.059105,24.79,92.63972953163909,100.0,25.360436785559997
2026-03-12T16:35:21.168076,24.79,92.40305330458442,100.0,25.36649720957158
2026-03-12T16:35:21.277478,24.73,91.92077411270857,100.0,25.386866193933127
2026-03-12T16:35:21.386582,24.72,91.27479171712929,100.0,25.412475759779404
2026-03-12T16:35:21.496328,24.69,90.50851347295301,100.0,25.446858663815167
2026-03-12T16:35:21.604928,24.7,89.93135703446418,100.0,25.469601379833158
2026-03-12T16:35:21.714890,24.69,89.50829218735393,100.0,25.482891613630144
2026-03-12T16:35:21.822939,24.68,89.22152107482401,100.0,25.485706442769526
2026-03-12T16:35:21.931937,24.67,88.53884843000878,100.0,25.511386418072156
2026-03-12T16:35:22.040867,24.7,88.42001004352362,100.0,25.504310161602714
2026-03-12T16:35:22.150533,24.69,87.77536052089638,100.0,25.5323481695815
2026-03-12T16:35:22.262536,24.69,87.58363272841265,100.0,25.5285214241698
2026-03-12T16:35:22.371803,24.67,87.05904577407168,100.0,25.547265667804705
2026-03-12T16:35:22.479234,24.68,86.86054075379444,100.0,25.542396301231662
2026-03-12T16:35:22.585832,24.69,86.15177829174374,100.0,25.570322601061676
2026-03-12T16:35:22.695499,24.71,86.0379291270813,100.0,25.562582854910588
2026-03-12T16:35:22.804151,24.68,85.07368986774323,100.0,25.605024972430762
2026-03-12T16:35:22.912943,24.68,84.1534288780678,100.0,25.646042156321467
2026-03-12T16:35:23.024755,24.69,84.01827499029497,100.0,25.63714465088182
2026-03-12T16:35:23.132549,24.68,83.7402993298826,100.0,25.6397409362517
2026-03-12T16:35:23.241275,24.68,83.21927113797231,100.0,25.656338911745415
2026-03-12T16:35:23.349441,24.69,82.51957017198741,100.0,25.682569663793164
2026-03-12T16:35:23.459715,24.67,81.5614572307422,100.0,25.724243708970533
2026-03-12T16:35:23.570527,24.67,81.00214064858226,100.0,25.738313876894058
2026-03-12T16:35:23.680268,24.68,80.4749963621814,100.0,25.748375702289827
2026-03-12T16:35:23.791715,24.65,79.50230758682012,100.0,25.785939860794574
2026-03-12T16:35:23.902987,24.69,79.03856225734174,100.0,25.792630870313374
2026-03-12T16:35:24.010954,24.65,78.7085116467424,100.0,25.78948174815945
2026-03-12T16:35:24.117769,24.67,78.27174716996173,100.0,25.797120521704503
2026-03-12T16:35:24.227122,24.66,77.70344805952983,100.0,25.811589114869697
2026-03-12T16:35:24.335210,24.65,77.14473142621391,100.0,25.825352007478802
2026-03-12T16:35:24.445572,24.67,77.09138025291871,100.0,25.80745899006471
2026-03-12T16:35:24.554039,24.63,76.28206749815614,100.0,25.835856803925477
2026-03-12T16:35:24.665091,24.66,75.40073246234972,100.0,25.865016637926004
2026-03-12T16:35:24.773762,24.66,74.78288224775596,100.0,25.87659941889983
2026-03-12T16:35:24.882514,24.67,74.6793743996563,100.0,25.8623030828496
2026-03-12T16:35:24.993172,24.63,74.40844509458071,100.0,25.8586053326588
2026-03-12T16:35:25.103477,24.65,74.3834044979598,100.0,25.836446651801683
2026-03-12T16:35:25.212505,24.65,74.01057232743196,100.0,25.83417332809478
2026-03-12T16:35:25.320091,24.62,73.26900070877072,100.0,25.85873802320336
2026-03-12T16:35:25.429778,24.63,72.5004002781369,100.0,25.8834288620511
2026-03-12T16:35:25.536766,24.64,71.74572412213193,100.0,25.90481728827054
2026-03-12T16:35:25.646979,24.65,71.65870291165892,100.0,25.889092814943496
2026-03-12T16:35:25.758578,24.64,71.38037281088873,100.0,25.884974819604214
2026-03-12T16:35:25.866871,24.64,71.1841194367179,100.0,25.871893465263437
2026-03-12T16:35:25.975464,24.63,70.52540428691232,100.0,25.889604047371293
2026-03-12T16:35:26.085000,24.63,69.89043546388352,100.0,25.903200361063508
2026-03-12T16:35:26.193615,24.64,69.59971121899093,100.0,25.89872570112874
2026-03-12T16:35:26.301125,24.61,69.28826205352811,100.0,25.894162586024592
2026-03-12T16:35:26.410682,24.61,68.64207295325967,100.0,25.909734673861248
2026-03-12T16:35:26.520408,24.63,67.93761139519911,100.0,25.926390967058882
2026-03-12T16:35:26.629093,24.61,67.42894324761727,100.0,25.932633571294076
2026-03-12T16:35:26.737558,24.62,67.37859530122631,100.0,25.90994219527714
2026-03-12T16:35:26.846275,24.6,66.53857744843944,100.0,25.939758256688215
2026-03-12T16:35:26.955632,24.58,65.90044854771394,100.0,25.951901296581383
2026-03-12T16:35:27.064164,24.61,65.71179198266954,100.0,25.94185534584437
2026-03-12T16:35:27.172350,24.6,65.0311101607848,100.0,25.957421271511304
2026-03-12T16:35:27.283369,24.6,64.30131406976956,100.0,25.974814166820945
2026-03-12T16:35:27.392291,24.61,64.01171707679022,100.0,25.967392507861984
2026-03-12T16:35:27.501106,24.59,63.69529832938595,100.0,25.960501682651447
2026-03-12T16:35:27.609292,24.6,63.383585410887065,100.0,25.957740522719057
2026-03-12T16:35:27.718789,24.57,62.546597580600725,100.0,25.983523936944046
2026-03-12T16:35:27.828635,24.57,62.134803668065175,100.0,25.985247520398396
2026-03-12T16:35:27.938189,24.57,61.81131506398096,100.0,25.979473779283882
2026-03-12T16:35:28.048626,24.57,61.42316736774804,100.0,25.979667211132494
2026-03-12T16:35:28.159747,24.57,61.00833516621997,100.0,25.977385146948752
2026-03-12T16:35:28.271156,24.6,60.9971516514345,100.0,25.953150494873995
2026-03-12T16:35:28.381175,24.6,60.897041227812856,100.0,25.937818818236344
2026-03-12T16:35:28.490518,24.55,59.96331027346316,100.0,25.969585549611114
2026-03-12T16:35:28.599201,24.55,59.39068913224158,100.0,25.980127903649574
2026-03-12T16:35:28.709619,24.56,58.91343429240112,100.0,25.985428363132463
2026-03-12T16:35:28.820559,24.55,58.81314936710235,100.0,25.96848335327669
2026-03-12T16:35:28.930026,24.56,58.51173425936997,100.0,25.960412332464816
2026-03-12T16:35:29.038246,24.58,58.38545882614844,100.0,25.944492742941545
2026-03-12T16:35:29.149640,24.56,57.73296381121653,100.0,25.960104468358693
2026-03-12T16:35:29.256734,24.54,57.05995757407497,100.0,25.978489950280895
2026-03-12T16:35:29.366159,24.55,56.77014840569549,100.0,25.97153223516312
2026-03-12T16:35:29.476211,24.52,55.96970587562124,100.0,25.99657059137951
2026-03-12T16:42:22.170295,25.18,99.49748424476876,100.0,25.027928496465247
