timestamp,voltage,soc,soh
2026-03-10T14:30:35.764864,25.19,99.17637829969188,99.99
2026-03-10T14:30:36.771824,25.19,98.79186482971821,99.97999999999999
2026-03-10T14:30:37.776880,25.15,98.0761094226674,99.96999999999998
2026-03-10T14:30:38.791760,25.13,97.52434224206182,99.95999999999998
2026-03-10T14:30:39.804320,25.16,97.4919155779968,99.94999999999997
2026-03-10T14:30:40.818580,25.14,97.43573694510778,99.93999999999997
2026-03-10T14:30:41.826779,25.09,97.01777292208651,99.92999999999996
2026-03-10T14:30:42.834966,25.13,96.8016840748192,99.91999999999996
2026-03-10T14:30:43.845520,25.09,96.02657835693988,99.90999999999995
2026-03-10T14:30:44.875267,25.06,95.86770734607705,99.89999999999995
2026-03-10T14:34:58.346359,25.19,99.15958575641649,99.99
2026-03-10T14:34:59.355275,25.16,98.32201426667508,99.97999999999999
2026-03-10T14:35:00.369106,25.15,98.23101594429995,99.96999999999998
2026-03-10T14:35:01.373584,25.14,97.26295420106233,99.95999999999998
2026-03-10T14:35:02.388094,25.11,96.90653275685914,99.94999999999997
2026-03-10T14:35:03.402527,25.03,96.28667105886707,99.93999999999997
2026-03-10T14:35:04.416257,25.04,96.06386671340618,99.92999999999996
2026-03-10T14:35:05.426218,25.05,95.18995540948946,99.91999999999996
2026-03-10T14:35:06.426756,25.07,95.03862696938876,99.90999999999995
2026-03-10T14:35:07.437226,25.06,94.04552709343092,99.89999999999995
2026-03-11T09:45:22.932500,25.17,99.47898088563976,99.99
2026-03-11T09:45:22.932812,25.18,99.05217483729838,99.97999999999999
2026-03-11T09:45:22.933040,25.12,98.09663892464424,99.96999999999998
2026-03-11T09:45:22.933238,25.11,97.44890476898703,99.95999999999998
2026-03-11T09:45:22.933404,25.11,97.16762103354884,99.94999999999997
2026-03-11T09:45:22.933549,25.08,97.14635914648869,99.93999999999997
2026-03-11T09:45:22.933689,25.07,96.81442031569529,99.92999999999996
2026-03-11T09:45:22.933815,25.07,96.59505375830355,99.91999999999996
2026-03-11T09:45:22.933941,25.04,96.52326852255243,99.90999999999995
2026-03-11T09:45:22.934070,24.98,95.89604578948655,99.89999999999995
2026-03-11T09:45:22.934193,24.93,94.97299118877376,99.88999999999994
2026-03-11T09:45:22.934312,24.93,94.68205177355009,99.87999999999994
2026-03-11T09:45:22.934433,24.88,94.06469310987626,99.86999999999993
2026-03-11T09:45:22.934560,24.84,93.56287850835508,99.85999999999993
2026-03-11T09:45:22.934750,24.75,92.57733962830052,99.84999999999992
2026-03-11T09:45:22.934873,24.8,92.53200484773299,99.83999999999992
2026-03-11T09:45:22.935001,24.73,92.13150067330582,99.82999999999991
2026-03-11T09:45:22.935120,24.72,91.35007107900687,99.81999999999991
2026-03-11T09:45:22.935239,24.7,91.22855406612685,99.8099999999999
2026-03-11T09:45:22.935445,24.7,91.10576808610558,99.7999999999999
2026-03-11T09:45:22.935624,24.69,90.74040287961236,99.78999999999989
2026-03-11T09:45:22.935778,24.7,90.10139325849414,99.77999999999989
2026-03-11T09:45:22.935920,24.69,89.66236996885,99.76999999999988
2026-03-11T09:45:22.936056,24.65,88.68936968554318,99.75999999999988
2026-03-11T09:45:22.936189,24.69,88.58799262471254,99.74999999999987
2026-03-11T09:45:22.936314,24.68,88.3014713374844,99.73999999999987
2026-03-11T09:45:22.936444,24.67,87.76882364116926,99.72999999999986
2026-03-11T09:45:22.936566,24.68,87.54740782549443,99.71999999999986
2026-03-11T09:45:22.936719,24.72,87.48733198072416,99.70999999999985
2026-03-11T09:45:22.936966,24.68,86.82770524446055,99.69999999999985
2026-03-11T09:45:22.937159,24.68,86.36149228420017,99.68999999999984
2026-03-11T09:45:22.937313,24.66,85.81967964462879,99.67999999999984
2026-03-11T09:45:22.937451,24.68,85.76787233643024,99.66999999999983
2026-03-11T09:45:22.937582,24.65,84.87881492282956,99.65999999999983
2026-03-11T09:45:22.937707,24.68,83.90178273633408,99.64999999999982
2026-03-11T09:45:22.937832,24.67,83.29476572722375,99.63999999999982
2026-03-11T09:45:22.937959,24.66,82.51854726656441,99.62999999999981
2026-03-11T09:45:22.938085,24.65,81.59972541498259,99.6199999999998
2026-03-11T09:45:22.938206,24.65,80.64656179301599,99.6099999999998
2026-03-11T09:45:22.938363,24.69,80.44308405253085,99.5999999999998
2026-03-11T09:45:22.938636,24.67,79.52853019656553,99.58999999999979
2026-03-11T09:45:22.938811,24.64,78.53659984192088,99.57999999999979
2026-03-11T09:45:22.938972,24.67,78.09073613946589,99.56999999999978
2026-03-11T09:45:22.939117,24.67,77.74706420664837,99.55999999999977
2026-03-11T09:45:22.939258,24.66,77.65226450179051,99.54999999999977
2026-03-11T09:45:22.939402,24.66,76.92182756984353,99.53999999999976
2026-03-11T09:45:22.939571,24.68,76.89521742424809,99.52999999999976
2026-03-11T09:45:22.939719,24.65,76.46618161664053,99.51999999999975
2026-03-11T09:45:22.939998,24.65,76.32930737249148,99.50999999999975
2026-03-11T09:45:22.940159,24.66,75.97542711083648,99.49999999999974
2026-03-11T09:45:22.940306,24.64,75.4424672513218,99.48999999999974
2026-03-11T09:45:22.940446,24.66,74.54609176374288,99.47999999999973
2026-03-11T09:45:22.940606,24.66,74.40429387215306,99.46999999999973
2026-03-11T09:45:22.940739,24.67,74.37333507934476,99.45999999999972
2026-03-11T09:45:22.940862,24.66,73.99140960333983,99.44999999999972
2026-03-11T09:45:22.940985,24.63,73.00273118598157,99.43999999999971
2026-03-11T09:45:22.941111,24.62,72.42057824099233,99.42999999999971
2026-03-11T09:45:22.941235,24.65,71.7707584830802,99.4199999999997
2026-03-11T09:45:22.941356,24.62,71.12288394476879,99.4099999999997
2026-03-11T09:45:22.941474,24.61,70.17895857410078,99.3999999999997
2026-03-11T09:45:22.941599,24.63,70.11402479212869,99.38999999999969
2026-03-11T09:45:22.941757,24.63,69.2053024875043,99.37999999999968
2026-03-11T09:45:22.941880,24.63,68.42818234406496,99.36999999999968
2026-03-11T09:45:22.941999,24.63,67.9244602769592,99.35999999999967
2026-03-11T09:45:22.942116,24.62,67.30147355679028,99.34999999999967
2026-03-11T09:45:22.942234,24.62,67.22584025077651,99.33999999999966
2026-03-11T09:45:22.942352,24.61,67.009844616311,99.32999999999966
2026-03-11T09:45:22.942470,24.61,66.56919202808542,99.31999999999965
2026-03-11T09:45:22.942593,24.64,66.55473663766817,99.30999999999965
2026-03-11T09:45:22.942713,24.6,66.38207655298993,99.29999999999964
2026-03-11T09:45:22.942830,24.63,66.35177448573957,99.28999999999964
2026-03-11T09:45:22.942947,24.6,65.43553839046778,99.27999999999963
2026-03-11T09:45:22.943065,24.6,65.07339341027394,99.26999999999963
2026-03-11T09:45:22.943189,24.56,64.13844827138139,99.25999999999962
2026-03-11T09:45:22.943305,24.58,63.94442559932325,99.24999999999962
2026-03-11T09:45:22.943500,24.62,63.906870322838095,99.23999999999961
2026-03-11T09:45:22.943743,24.58,63.63105364576324,99.2299999999996
2026-03-11T09:45:22.943926,24.59,63.29965098433484,99.2199999999996
2026-03-11T09:45:22.944089,24.57,62.444965722592336,99.2099999999996
2026-03-11T09:45:22.944247,24.58,61.75938348968956,99.19999999999959
2026-03-11T09:45:22.944384,24.58,61.72229453044021,99.18999999999959
2026-03-11T09:45:22.944513,24.57,60.97904931803916,99.17999999999958
2026-03-11T09:45:22.944744,24.57,60.42283542545502,99.16999999999958
2026-03-11T09:45:22.944928,24.58,60.35581303038805,99.15999999999957
2026-03-11T09:45:22.945098,24.55,59.42449946456816,99.14999999999957
2026-03-11T09:45:22.945248,24.53,58.49286206205529,99.13999999999956
2026-03-11T09:45:22.945374,24.54,58.24493911654084,99.12999999999955
2026-03-11T09:45:22.945520,24.56,57.99638984092922,99.11999999999955
2026-03-11T09:45:22.945648,24.57,57.966215504530524,99.10999999999954
2026-03-11T09:45:22.945777,24.53,57.17329728078595,99.09999999999954
2026-03-11T09:45:22.946200,24.51,56.19261776657187,99.08999999999953
2026-03-11T09:45:22.946503,24.54,55.77604239440158,99.07999999999953
2026-03-11T09:45:22.946714,24.54,55.05877385833255,99.06999999999952
2026-03-11T09:45:22.946873,24.52,54.18121977704207,99.05999999999952
2026-03-11T09:45:22.947013,24.52,54.093489678402285,99.04999999999951
2026-03-11T09:45:22.947169,24.53,53.41360639164465,99.03999999999951
2026-03-11T09:45:22.947296,24.51,52.59569730220922,99.0299999999995
2026-03-11T09:45:22.947419,24.54,52.559077704605976,99.0199999999995
2026-03-11T09:45:22.947654,24.5,52.207134215955776,99.0099999999995
2026-03-11T09:45:22.947845,24.51,51.365087414361156,98.99999999999949
2026-03-11T09:45:22.948002,24.5,50.371436431300104,98.98999999999948
2026-03-11T09:45:22.948151,24.51,49.733215417608434,98.97999999999948
2026-03-11T09:45:22.948283,24.5,48.74792553925093,98.96999999999947
2026-03-11T09:45:22.948524,24.51,48.1792208674916,98.95999999999947
2026-03-11T09:45:22.948694,24.48,47.53295780794246,98.94999999999946
2026-03-11T09:45:22.948840,24.5,47.291804690063245,98.93999999999946
2026-03-11T09:45:22.948977,24.46,46.530601742163235,98.92999999999945
2026-03-11T09:45:22.949107,24.49,46.28444353135385,98.91999999999945
2026-03-11T09:45:22.949237,24.5,46.20861707679805,98.90999999999944
2026-03-11T09:45:22.949365,24.49,45.43232639944507,98.89999999999944
2026-03-11T09:45:22.949609,24.46,44.54833068339284,98.88999999999943
2026-03-11T09:45:22.949739,24.46,44.196741104597415,98.87999999999943
2026-03-11T09:45:22.949861,24.48,43.67833061346351,98.86999999999942
2026-03-11T09:45:22.949980,24.46,43.40499634587757,98.85999999999942
2026-03-11T09:45:22.950098,24.45,42.53101934796851,98.84999999999941
2026-03-11T09:45:22.950235,24.49,42.49220605965008,98.8399999999994
2026-03-11T09:45:22.950354,24.47,41.84417262245264,98.8299999999994
2026-03-11T09:45:22.950485,24.43,41.160132281098605,98.8199999999994
2026-03-11T09:45:22.950610,24.46,40.82076614513484,98.80999999999939
2026-03-11T09:45:22.950729,24.46,40.612918302735764,98.79999999999939
2026-03-11T09:45:22.950849,24.47,40.43587826249387,98.78999999999938
2026-03-11T09:45:22.950967,24.47,40.36462797313156,98.77999999999938
2026-03-11T09:45:22.951085,24.44,40.26343499266458,98.76999999999937
2026-03-11T09:45:22.951201,24.43,39.80745380646373,98.75999999999937
2026-03-11T09:45:22.951347,24.46,39.71079444734493,98.74999999999936
2026-03-11T09:45:22.951472,24.44,39.539240358298336,98.73999999999936
2026-03-11T09:45:22.951605,24.45,38.99381684889569,98.72999999999935
2026-03-11T09:45:22.951726,24.41,37.999349982968766,98.71999999999935
2026-03-11T09:45:22.951844,24.45,37.87830719611648,98.70999999999934
2026-03-11T09:45:22.951970,24.45,37.536286232752346,98.69999999999933
2026-03-11T09:45:22.952087,24.42,36.573535676316425,98.68999999999933
2026-03-11T09:45:22.952206,24.41,35.70708512596357,98.67999999999932
2026-03-11T09:45:22.952323,24.41,34.91932121091693,98.66999999999932
2026-03-11T09:45:22.952490,24.4,34.3827893827957,98.65999999999931
2026-03-11T09:45:22.953039,24.43,34.22163612286291,98.64999999999931
2026-03-11T09:45:22.953371,24.42,33.584545312868215,98.6399999999993
2026-03-11T09:45:22.953603,24.4,33.34791366789094,98.6299999999993
2026-03-11T09:45:22.953775,24.4,32.97237998982331,98.6199999999993
2026-03-11T09:45:22.953923,24.39,32.157848597945005,98.60999999999929
2026-03-11T09:45:22.954071,24.42,31.923269151642472,98.59999999999928
2026-03-11T09:45:22.954207,24.43,31.69134465808799,98.58999999999928
2026-03-11T09:45:22.954336,24.41,31.661294489045744,98.57999999999927
2026-03-11T09:45:22.954462,24.38,30.805891041064957,98.56999999999927
2026-03-11T09:45:22.954586,24.42,30.62088809343012,98.55999999999926
2026-03-11T09:45:22.954729,24.41,29.85481701418228,98.54999999999926
2026-03-11T09:45:22.954983,24.4,29.17906007383732,98.53999999999925
2026-03-11T09:45:22.955229,24.4,29.138202448148224,98.52999999999925
2026-03-11T09:45:22.955470,24.4,28.41998026206182,98.51999999999924
2026-03-11T09:45:22.955698,24.41,27.769306099385382,98.50999999999924
2026-03-11T09:45:22.955855,24.4,27.611724259759892,98.49999999999923
2026-03-11T10:07:45.437507,25.19,99.52022842450387,99.99
2026-03-11T10:07:45.437852,25.18,99.028974801466,99.97999999999999
2026-03-11T10:07:45.438073,25.15,98.67752290582196,99.96999999999998
2026-03-11T10:07:45.438250,25.09,97.70582881338477,99.95999999999998
2026-03-11T10:07:45.438415,25.04,96.7505089646547,99.94999999999997
2026-03-11T10:07:45.438568,25.02,96.26927195308495,99.93999999999997
2026-03-11T10:07:45.438711,25.05,96.18925892809985,99.92999999999996
2026-03-11T10:07:45.438875,24.95,95.397532924817,99.91999999999996
2026-03-11T10:07:45.439010,24.95,94.97417555949295,99.90999999999995
2026-03-11T10:07:45.439134,24.92,94.64523429971403,99.89999999999995
2026-03-11T10:07:45.439260,24.84,93.67440489232445,99.88999999999994
2026-03-11T10:07:45.439512,24.76,92.81552136959354,99.87999999999994
2026-03-11T10:07:45.439713,24.78,92.67813112308215,99.86999999999993
2026-03-11T10:07:45.439877,24.74,92.18055741545318,99.85999999999993
2026-03-11T10:07:45.440102,24.71,91.51413901489082,99.84999999999992
2026-03-11T10:07:45.440295,24.69,90.8315318579235,99.83999999999992
2026-03-11T10:07:45.440545,24.69,90.03659550482621,99.82999999999991
2026-03-11T10:07:45.440713,24.7,89.93386324736032,99.81999999999991
2026-03-11T10:07:45.440860,24.69,89.80902978438588,99.8099999999999
2026-03-11T10:07:45.440993,24.69,89.51314538785783,99.7999999999999
2026-03-11T10:07:45.441124,24.67,88.56986098867338,99.78999999999989
2026-03-11T10:07:45.441248,24.65,87.69574695856865,99.77999999999989
2026-03-11T10:07:45.441376,24.7,87.17996173291068,99.76999999999988
2026-03-11T10:07:45.441501,24.68,86.28102976523822,99.75999999999988
2026-03-11T10:07:45.441626,24.69,85.5859175238841,99.74999999999987
2026-03-11T10:07:45.441748,24.66,84.7660563406788,99.73999999999987
2026-03-11T10:07:45.441873,24.67,84.14017230232143,99.72999999999986
2026-03-11T10:07:45.441994,24.67,83.51743505647678,99.71999999999986
2026-03-11T10:07:45.442116,24.68,83.20741288397014,99.70999999999985
2026-03-11T10:07:45.442246,24.68,83.09542256136982,99.69999999999985
2026-03-11T10:07:45.442370,24.66,82.53659137626137,99.68999999999984
2026-03-11T10:07:45.442491,24.67,81.58323151177943,99.67999999999984
2026-03-11T10:07:45.442611,24.69,81.19835946580092,99.66999999999983
2026-03-11T10:07:45.442733,24.66,80.31848328691672,99.65999999999983
2026-03-11T10:07:45.442858,24.65,79.45730301810673,99.64999999999982
2026-03-11T10:07:45.442979,24.65,78.5009973191267,99.63999999999982
2026-03-11T10:07:45.443099,24.66,78.38681196546385,99.62999999999981
2026-03-11T10:07:45.443317,24.68,78.01755579175828,99.6199999999998
2026-03-11T10:07:45.443514,24.66,77.8912504037833,99.6099999999998
2026-03-11T10:07:45.443681,24.64,77.34937130087374,99.5999999999998
2026-03-11T10:07:45.443838,24.65,77.11098543721495,99.58999999999979
2026-03-11T10:07:45.444007,24.67,77.0911342162544,99.57999999999979
2026-03-11T10:07:45.444189,24.66,76.98055865892046,99.56999999999978
2026-03-11T10:07:45.444329,24.65,76.78996938903913,99.55999999999977
2026-03-11T10:07:45.444463,24.65,76.18580933182734,99.54999999999977
2026-03-11T10:07:45.444592,24.65,76.1546794758548,99.53999999999976
2026-03-11T10:07:45.444717,24.65,75.43800480431769,99.52999999999976
2026-03-11T10:07:45.444839,24.64,74.54403104130189,99.51999999999975
2026-03-11T10:07:45.444970,24.62,73.6542968044514,99.50999999999975
2026-03-11T10:07:45.445098,24.65,72.90356953917008,99.49999999999974
2026-03-11T10:07:45.445221,24.65,72.48230966103415,99.48999999999974
2026-03-11T10:07:45.445341,24.63,72.29627934618478,99.47999999999973
2026-03-11T10:07:45.445461,24.63,72.01083515117028,99.46999999999973
2026-03-11T10:07:45.445581,24.6,71.22649772706619,99.45999999999972
2026-03-11T10:07:45.445772,24.62,70.7737721110894,99.44999999999972
2026-03-11T10:07:45.445971,24.61,69.84066326810606,99.43999999999971
2026-03-11T10:07:45.446134,24.65,69.51927531457537,99.42999999999971
2026-03-11T10:07:45.446282,24.63,69.25997244740289,99.4199999999997
2026-03-11T10:07:45.446523,24.61,69.06321857563843,99.4099999999997
2026-03-11T10:07:45.446711,24.6,68.58326609833104,99.3999999999997
2026-03-11T10:07:45.446869,24.63,68.18175009127893,99.38999999999969
2026-03-11T10:07:45.447012,24.64,68.0764281713817,99.37999999999968
2026-03-11T10:07:45.447146,24.6,67.34692307756251,99.36999999999968
2026-03-11T10:07:45.447279,24.58,66.51107218947992,99.35999999999967
2026-03-11T10:07:45.447407,24.62,66.51023228330911,99.34999999999967
2026-03-11T10:07:45.447545,24.62,66.4104794581873,99.33999999999966
2026-03-11T10:07:45.447719,24.61,65.88503627716457,99.32999999999966
2026-03-11T10:07:45.447862,24.57,64.9197676238156,99.31999999999965
2026-03-11T10:07:45.447989,24.57,64.07701642408432,99.30999999999965
2026-03-11T10:07:45.448136,24.6,63.394389823683966,99.29999999999964
2026-03-11T10:07:45.448339,24.57,62.81704619686765,99.28999999999964
2026-03-11T10:07:45.448498,24.59,62.66806179399717,99.27999999999963
2026-03-11T10:07:45.448640,24.59,62.47955220452218,99.26999999999963
2026-03-11T10:07:45.448774,24.58,62.29323960214378,99.25999999999962
2026-03-11T10:07:45.448902,24.58,62.273196771376554,99.24999999999962
2026-03-11T10:07:45.449042,24.59,61.87381022620342,99.23999999999961
2026-03-11T10:07:45.449174,24.58,61.060086925977984,99.2299999999996
2026-03-11T10:07:45.449300,24.56,60.64776264372195,99.2199999999996
2026-03-11T10:07:45.449431,24.6,60.53252895912363,99.2099999999996
2026-03-11T10:07:45.449624,24.6,60.35845757501607,99.19999999999959
2026-03-11T10:07:45.449774,24.57,59.35975471154006,99.18999999999959
2026-03-11T10:07:45.449912,24.55,58.967389574845946,99.17999999999958
2026-03-11T10:07:45.450042,24.59,58.94315081735017,99.16999999999958
2026-03-11T10:07:45.450253,24.56,58.37011855870285,99.15999999999957
2026-03-11T10:07:45.450621,24.53,57.78962146588444,99.14999999999957
2026-03-11T10:07:45.450842,24.56,57.355793256229866,99.13999999999956
2026-03-11T10:07:45.451019,24.55,56.65795278553139,99.12999999999955
2026-03-11T10:07:45.451351,24.51,55.708129693135284,99.11999999999955
2026-03-11T10:07:45.451541,24.52,55.0755611881015,99.10999999999954
2026-03-11T10:07:45.451704,24.55,55.0432014986201,99.09999999999954
2026-03-11T10:07:45.451863,24.55,54.97107031880155,99.08999999999953
2026-03-11T10:07:45.452006,24.53,54.72492827608433,99.07999999999953
2026-03-11T10:07:45.452143,24.54,54.26961787562764,99.06999999999952
2026-03-11T10:07:45.452272,24.51,53.6188165558917,99.05999999999952
2026-03-11T10:07:45.452399,24.5,52.75753543589424,99.04999999999951
2026-03-11T10:07:45.452525,24.53,52.427575073393996,99.03999999999951
2026-03-11T10:07:45.452648,24.53,52.136461605428885,99.0299999999995
2026-03-11T10:07:45.452770,24.5,51.45253623120298,99.0199999999995
2026-03-11T10:07:45.452896,24.5,50.83275880073465,99.0099999999995
2026-03-11T10:07:45.453024,24.53,50.608924327030955,98.99999999999949
2026-03-11T10:07:45.453277,24.51,50.17758547548136,98.98999999999948
2026-03-11T10:07:45.453465,24.48,49.63193275500804,98.97999999999948
2026-03-11T10:07:45.453627,24.48,49.264304988983596,98.96999999999947
2026-03-11T10:07:45.453813,24.51,49.102097408523065,98.95999999999947
2026-03-11T10:07:45.454021,24.47,48.363921336385836,98.94999999999946
2026-03-11T10:07:45.454210,24.5,47.76609516698013,98.93999999999946
2026-03-11T10:07:45.454415,24.5,47.545014146639346,98.92999999999945
2026-03-11T10:07:45.454598,24.49,47.137143745902335,98.91999999999945
2026-03-11T10:07:45.454779,24.47,46.59069169792254,98.90999999999944
2026-03-11T10:07:45.454975,24.49,46.023675989503246,98.89999999999944
2026-03-11T10:07:45.455149,24.48,45.33823256397656,98.88999999999943
2026-03-11T10:07:45.455271,24.46,45.043901396714,98.87999999999943
2026-03-11T10:07:45.455393,24.47,44.23962506077475,98.86999999999942
2026-03-11T10:07:45.455512,24.47,43.907385795244934,98.85999999999942
2026-03-11T10:07:45.455633,24.46,43.61420644086898,98.84999999999941
2026-03-11T10:07:45.455753,24.43,42.61733019354281,98.8399999999994
2026-03-11T10:07:45.455873,24.46,42.1925226808558,98.8299999999994
2026-03-11T10:07:45.455994,24.46,41.29971221916776,98.8199999999994
2026-03-11T10:07:45.456115,24.47,41.2313787864184,98.80999999999939
2026-03-11T10:07:45.456234,24.44,40.692323220393455,98.79999999999939
2026-03-11T10:07:45.456355,24.45,40.33649042041096,98.78999999999938
2026-03-11T10:07:45.456571,24.44,40.0850222857963,98.77999999999938
2026-03-11T10:07:45.456728,24.43,39.15707591987612,98.76999999999937
2026-03-11T10:07:45.456872,24.44,38.98099716599359,98.75999999999937
2026-03-11T10:07:45.457049,24.46,38.7197184027493,98.74999999999936
2026-03-11T10:07:45.457199,24.42,37.95964683249717,98.73999999999936
2026-03-11T10:07:45.457330,24.41,37.060313382343175,98.72999999999935
2026-03-11T10:07:45.457479,24.4,36.18460489983979,98.71999999999935
2026-03-11T10:07:45.457634,24.43,35.737595392464236,98.70999999999934
2026-03-11T10:07:45.457766,24.42,35.438570398980914,98.69999999999933
2026-03-11T10:07:45.457939,24.41,35.042291724093445,98.68999999999933
2026-03-11T10:07:45.458079,24.39,34.36065302602414,98.67999999999932
2026-03-11T10:07:45.458205,24.41,33.67404983588743,98.66999999999932
2026-03-11T10:07:45.458335,24.4,32.7947375183263,98.65999999999931
2026-03-11T10:07:45.458457,24.39,32.33327183602167,98.64999999999931
2026-03-11T10:07:45.458580,24.43,32.16310512819387,98.6399999999993
2026-03-11T10:07:45.458703,24.38,31.186214494178508,98.6299999999993
2026-03-11T10:07:45.458830,24.42,31.139002611692764,98.6199999999993
2026-03-11T10:07:45.458962,24.42,31.112385796622117,98.60999999999929
2026-03-11T10:07:45.459087,24.38,30.228969332983763,98.59999999999928
2026-03-11T10:07:45.459210,24.42,29.912168390249917,98.58999999999928
2026-03-11T10:07:45.459334,24.41,29.358347180457333,98.57999999999927
2026-03-11T10:07:45.459583,24.39,29.184778477703606,98.56999999999927
2026-03-11T10:07:45.459781,24.38,28.611796368628966,98.55999999999926
2026-03-11T10:07:45.459943,24.41,28.565674285913847,98.54999999999926
2026-03-11T10:07:45.460095,24.42,28.427883741313398,98.53999999999925
2026-03-11T10:07:45.460243,24.38,27.785329626222016,98.52999999999925
2026-03-11T10:07:45.460379,24.4,27.205669833403306,98.51999999999924
2026-03-11T10:07:45.460507,24.38,26.999484076939936,98.50999999999924
2026-03-11T10:07:45.460632,24.37,26.23668148015158,98.49999999999923
2026-03-11T10:07:45.460755,24.36,25.431946660369412,98.48999999999923
2026-03-11T10:07:45.460876,24.4,25.071169696440055,98.47999999999922
2026-03-11T10:07:45.461019,24.42,25.058340745555196,98.46999999999922
2026-03-11T10:07:45.461140,24.36,24.131009157196893,98.45999999999921
2026-03-11T10:07:45.461345,24.39,23.357324612629508,98.4499999999992
2026-03-11T10:07:45.461509,24.41,23.292623522894445,98.4399999999992
2026-03-11T10:07:45.461655,24.39,22.678076209963148,98.4299999999992
2026-03-11T10:07:45.461788,24.4,22.1678202519434,98.41999999999919
2026-03-11T10:07:45.461922,24.38,22.112514431920363,98.40999999999919
2026-03-11T10:07:45.462062,24.38,21.154374268830697,98.39999999999918
2026-03-11T10:07:45.462191,24.39,21.02416308902383,98.38999999999918
2026-03-11T10:07:45.462315,24.41,20.977995629861105,98.37999999999917
2026-03-11T10:07:45.462436,24.39,20.689070915278073,98.36999999999917
2026-03-11T10:07:45.462672,24.38,19.875372071781364,98.35999999999916
2026-03-11T10:07:45.462867,24.39,19.444425208718933,98.34999999999916
2026-03-11T10:07:45.463090,24.33,18.55921247003323,98.33999999999915
2026-03-11T10:07:45.463287,24.27,17.68182611953831,98.32999999999915
2026-03-11T10:07:45.463444,24.28,17.233654615758912,98.31999999999914
2026-03-11T10:07:45.463587,24.18,16.43029243999493,98.30999999999914
2026-03-11T10:07:45.463721,24.19,16.28336123638437,98.29999999999913
2026-03-11T10:07:45.463849,24.08,15.51050203464845,98.28999999999913
2026-03-11T10:07:45.463989,24.06,15.34515809876715,98.27999999999912
2026-03-11T10:07:45.464114,23.9,14.368789511287048,98.26999999999911
2026-03-11T10:07:45.464239,23.78,13.582378797841614,98.25999999999911
2026-03-11T10:07:45.464371,23.75,13.149340813122528,98.2499999999991
2026-03-11T10:07:45.464495,23.71,13.034013113055133,98.2399999999991
2026-03-11T10:07:45.464619,23.65,12.655327278161531,98.2299999999991
2026-03-11T10:07:45.464789,23.51,11.926096353840178,98.21999999999909
2026-03-11T10:07:45.465060,23.37,11.17902419888921,98.20999999999908
2026-03-11T10:07:45.465250,23.22,10.198716834637263,98.19999999999908
2026-03-11T10:07:45.465409,23.06,9.370184654312778,98.18999999999907
2026-03-11T10:07:45.465631,22.99,8.889755002876607,98.17999999999907
2026-03-11T10:07:45.465819,22.93,8.452851438697602,98.16999999999906
2026-03-11T10:07:45.466058,22.91,8.418070553757516,98.15999999999906
2026-03-11T10:07:45.466272,22.74,7.494995785105268,98.14999999999905
2026-03-11T10:07:45.466438,22.67,7.055037402099611,98.13999999999905
2026-03-11T10:07:45.466583,22.65,6.859953093168908,98.12999999999904
2026-03-11T10:07:45.466783,22.61,6.687250287738871,98.11999999999904
2026-03-11T10:07:45.466989,22.58,6.450611622046176,98.10999999999903
2026-03-11T10:07:45.467160,22.44,5.525199877021966,98.09999999999903
2026-03-11T10:07:45.467534,22.44,5.3686654535096,98.08999999999902
2026-03-11T10:07:45.467706,22.42,5.257414849075766,98.07999999999902
2026-03-11T10:07:45.467847,22.26,4.4720374343038625,98.06999999999901
2026-03-11T10:07:45.468003,22.2,3.7490448386427917,98.05999999999901
2026-03-11T10:07:45.468144,22.18,3.326860263030879,98.049999999999
2026-03-11T10:07:45.468276,22.13,3.021646054322129,98.039999999999
2026-03-11T10:07:45.468403,22.05,2.150711202351904,98.02999999999899
2026-03-11T10:07:45.468531,22.05,2.089852263900263,98.01999999999899
2026-03-11T10:07:45.468751,22.04,1.71513626444895,98.00999999999898
2026-03-11T10:07:45.468923,22.03,1.6952164734716297,97.99999999999898
2026-03-11T10:07:45.469098,22.0,0.9686120139610619,97.98999999999897
2026-03-11T10:07:45.469249,22.0,0.0,97.97999999999897
2026-03-11T10:14:16.736033,25.18,99.7729291659599,99.99
2026-03-11T10:14:16.736261,25.19,99.72359246191999,99.97999999999999
2026-03-11T10:14:16.736668,25.15,99.16206679188588,99.96999999999998
2026-03-11T10:14:16.736893,25.12,98.2517346426432,99.95999999999998
2026-03-11T10:14:16.737264,25.1,97.72269822938945,99.94999999999997
2026-03-11T10:14:16.737448,25.12,97.36338508802605,99.93999999999997
2026-03-11T10:14:16.737662,25.02,96.56761242097231,99.92999999999996
2026-03-11T10:14:16.737836,24.99,96.02504621214658,99.91999999999996
2026-03-11T10:14:16.737980,24.94,95.16163186763846,99.90999999999995
2026-03-11T10:14:16.738290,24.92,94.92485633313783,99.89999999999995
2026-03-11T10:14:16.738494,24.94,94.87632625367117,99.88999999999994
2026-03-11T10:14:16.738749,24.91,94.47585723338494,99.87999999999994
2026-03-11T10:14:16.738932,24.87,93.9312394860311,99.86999999999993
2026-03-11T10:14:16.739076,24.84,93.55168384781464,99.85999999999993
2026-03-11T10:14:16.739268,24.75,92.5701788947087,99.84999999999992
2026-03-11T10:14:16.739484,24.7,91.58844613288844,99.83999999999992
2026-03-11T10:14:16.739684,24.69,91.10662826613054,99.82999999999991
2026-03-11T10:14:16.739916,24.72,90.9465042497694,99.81999999999991
2026-03-11T10:14:16.740065,24.69,90.21781193113628,99.8099999999999
2026-03-11T10:14:16.740228,24.69,89.42186596418456,99.7999999999999
2026-03-11T10:14:16.740392,24.68,88.50318027199988,99.78999999999989
2026-03-11T10:14:16.740521,24.68,87.80357378367123,99.77999999999989
2026-03-11T10:14:16.740641,24.67,87.32028885854294,99.76999999999988
2026-03-11T10:14:16.740761,24.69,86.83170890001479,99.75999999999988
2026-03-11T10:14:16.740879,24.7,86.58480080757649,99.74999999999987
2026-03-11T10:14:16.741018,24.66,85.99048671841695,99.73999999999987
2026-03-11T10:14:16.741159,24.69,84.99779941215041,99.72999999999986
2026-03-11T10:14:16.741279,24.67,84.23707854202551,99.71999999999986
2026-03-11T10:14:16.741393,24.67,83.86643246619703,99.70999999999985
2026-03-11T10:14:16.741507,24.67,82.98375576667222,99.69999999999985
2026-03-11T10:14:16.741621,24.67,82.05038735873813,99.68999999999984
2026-03-11T10:14:16.741735,24.68,81.34194895974731,99.67999999999984
2026-03-11T10:14:16.741851,24.66,80.97340480528565,99.66999999999983
2026-03-11T10:14:16.741964,24.66,80.1550479776739,99.65999999999983
2026-03-11T10:14:16.742072,24.66,79.59447330982628,99.64999999999982
2026-03-11T10:14:16.742181,24.64,78.86902250818544,99.63999999999982
2026-03-11T10:14:16.742290,24.67,78.18576041358426,99.62999999999981
2026-03-11T10:14:16.742403,24.66,77.91747597955076,99.6199999999998
2026-03-11T10:14:16.742515,24.65,77.12729021531074,99.6099999999998
2026-03-11T10:14:16.742642,24.66,76.87024922928053,99.5999999999998
2026-03-11T10:14:16.742813,24.65,76.3760798824984,99.58999999999979
2026-03-11T10:14:16.742935,24.66,75.94367089653778,99.57999999999979
2026-03-11T10:14:16.743052,24.63,75.03768405548024,99.56999999999978
2026-03-11T10:14:16.743182,24.64,74.67337328259126,99.55999999999977
2026-03-11T10:14:16.743302,24.66,74.66345144395727,99.54999999999977
2026-03-11T10:14:16.743414,24.64,74.3739416958414,99.53999999999976
2026-03-11T10:14:16.743549,24.65,73.96776469873512,99.52999999999976
2026-03-11T10:14:16.743667,24.64,73.2860793603768,99.51999999999975
2026-03-11T10:14:16.743796,24.62,72.33236391422886,99.50999999999975
2026-03-11T10:14:16.743925,24.63,71.58808893772841,99.49999999999974
2026-03-11T10:14:16.744037,24.63,70.80382816954156,99.48999999999974
2026-03-11T10:14:16.744146,24.6,70.05605209476646,99.47999999999973
2026-03-11T10:14:16.744258,24.6,69.12713674699354,99.46999999999973
2026-03-11T10:14:16.744369,24.64,68.78184389523,99.45999999999972
2026-03-11T10:14:16.744482,24.61,68.32260279418841,99.44999999999972
2026-03-11T10:14:16.744592,24.61,67.37172984098115,99.43999999999971
2026-03-11T10:14:16.744728,24.58,66.62513583317902,99.42999999999971
2026-03-11T10:14:16.744848,24.61,66.1894120792451,99.4199999999997
2026-03-11T10:14:16.745061,24.59,65.7677842796659,99.4099999999997
2026-03-11T10:14:16.745246,24.6,64.89911398859326,99.3999999999997
2026-03-11T10:14:16.745404,24.6,64.10063339499716,99.38999999999969
2026-03-11T10:14:16.745562,24.59,64.03332759406028,99.37999999999968
2026-03-11T10:14:16.745688,24.59,63.543237855001486,99.36999999999968
2026-03-11T10:14:16.745803,24.58,63.0039794537465,99.35999999999967
2026-03-11T10:14:16.745916,24.59,62.49281558632657,99.34999999999967
2026-03-11T10:14:16.746036,24.59,62.26722148616581,99.33999999999966
2026-03-11T10:14:16.746147,24.56,61.33249777831819,99.32999999999966
2026-03-11T10:14:16.746256,24.57,60.69184841423501,99.31999999999965
2026-03-11T10:14:16.746363,24.57,60.090812264214996,99.30999999999965
2026-03-11T10:14:16.746486,24.59,59.98558947659519,99.29999999999964
2026-03-11T10:14:16.746595,24.57,59.67212227247752,99.28999999999964
2026-03-11T10:14:16.746704,24.57,58.793691228276316,99.27999999999963
2026-03-11T10:14:16.746816,24.58,58.73937466886018,99.26999999999963
2026-03-11T10:14:16.746930,24.56,57.98689241849652,99.25999999999962
2026-03-11T10:14:16.747066,24.53,57.10102691651981,99.24999999999962
2026-03-11T10:14:16.747185,24.55,56.66171878787806,99.23999999999961
2026-03-11T10:14:16.747336,24.55,56.33089271503405,99.2299999999996
2026-03-11T10:14:16.747457,24.53,55.43809717545666,99.2199999999996
2026-03-11T10:14:16.747568,24.54,54.64057905188013,99.2099999999996
2026-03-11T10:14:16.747680,24.54,54.01915132500733,99.19999999999959
2026-03-11T10:14:16.747788,24.51,53.7120481527664,99.18999999999959
2026-03-11T10:14:16.747914,24.54,53.69064315850938,99.17999999999958
2026-03-11T10:14:16.748057,24.5,52.69507328227619,99.16999999999958
2026-03-11T10:14:16.748189,24.5,51.93839045533498,99.15999999999957
2026-03-11T10:14:16.748316,24.52,51.544285929170904,99.14999999999957
2026-03-11T10:14:16.748442,24.5,50.85492936465168,99.13999999999956
2026-03-11T10:14:16.748554,24.5,50.43289232672857,99.12999999999955
2026-03-11T10:14:16.748665,24.47,49.46739807082435,99.11999999999955
2026-03-11T10:14:16.748786,24.49,49.24123567175494,99.10999999999954
2026-03-11T10:14:16.748913,24.52,48.79452244484686,99.09999999999954
2026-03-11T10:14:16.749038,24.52,48.637652731997896,99.08999999999953
2026-03-11T10:14:16.749154,24.5,48.31672336227572,99.07999999999953
2026-03-11T10:14:16.749268,24.49,47.54513411982208,99.06999999999952
2026-03-11T10:14:16.749395,24.47,47.093319826343794,99.05999999999952
2026-03-11T10:14:16.749515,24.45,46.10159326780432,99.04999999999951
2026-03-11T10:14:16.749633,24.46,45.74932929419117,99.03999999999951
2026-03-11T10:14:16.749746,24.44,44.79510324724782,99.0299999999995
2026-03-11T10:14:16.749869,24.5,44.73307612938582,99.0199999999995
2026-03-11T10:14:16.750057,24.45,44.241428605067114,99.0099999999995
2026-03-11T10:14:16.750375,24.46,44.04438383143524,98.99999999999949
2026-03-11T10:14:16.750669,24.45,43.165974437604525,98.98999999999948
2026-03-11T10:14:16.750855,24.48,42.81552142274144,98.97999999999948
2026-03-11T10:14:16.751009,24.44,41.884429647330144,98.96999999999947
2026-03-11T10:14:16.751171,24.47,41.80871505542003,98.95999999999947
2026-03-11T10:14:16.751309,24.45,40.97819684077554,98.94999999999946
2026-03-11T10:14:16.751434,24.45,40.46996415580265,98.93999999999946
2026-03-11T10:14:16.751559,24.44,40.22736775391229,98.92999999999945
2026-03-11T10:14:16.751706,24.44,39.73615138361968,98.91999999999945
2026-03-11T10:14:16.751917,24.45,39.04236682287159,98.90999999999944
2026-03-11T10:14:16.752135,24.43,38.393447969343626,98.89999999999944
2026-03-11T10:14:16.752324,24.43,37.64723856775921,98.88999999999943
2026-03-11T10:14:16.752475,24.41,36.87122765492301,98.87999999999943
2026-03-11T10:14:16.752652,24.42,36.42627248128559,98.86999999999942
2026-03-11T10:14:16.752793,24.42,36.170056991067675,98.85999999999942
2026-03-11T10:14:16.752915,24.43,35.23868276320199,98.84999999999941
2026-03-11T10:14:16.753031,24.41,34.67026195192093,98.8399999999994
2026-03-11T10:14:16.753208,24.4,34.21199218281754,98.8299999999994
2026-03-11T10:14:16.753410,24.44,33.99617364010496,98.8199999999994
2026-03-11T10:14:16.753584,24.44,33.98489429170092,98.80999999999939
2026-03-11T10:14:16.753714,24.41,33.10874238575298,98.79999999999939
2026-03-11T10:14:16.753859,24.41,32.5724917654367,98.78999999999938
2026-03-11T10:14:16.754008,24.42,32.496902242933515,98.77999999999938
2026-03-11T10:14:16.754180,24.39,31.861329118270273,98.76999999999937
2026-03-11T10:14:16.754345,24.4,31.141869994863523,98.75999999999937
2026-03-11T10:14:16.754521,24.39,30.44496457761681,98.74999999999936
2026-03-11T10:14:16.754675,24.41,30.396161725143244,98.73999999999936
2026-03-11T10:14:16.754848,24.43,30.226168338160765,98.72999999999935
2026-03-11T10:14:16.754996,24.42,30.058902473566743,98.71999999999935
2026-03-11T10:14:16.755184,24.39,29.55195482048,98.70999999999934
2026-03-11T10:14:16.755370,24.37,28.5849300949921,98.69999999999933
2026-03-11T10:14:16.755530,24.4,27.91291046174165,98.68999999999933
2026-03-11T10:14:16.755672,24.38,27.310081245687257,98.67999999999932
2026-03-11T10:14:16.755812,24.4,26.980524814007328,98.66999999999932
2026-03-11T10:14:16.756002,24.38,26.070440966432237,98.65999999999931
2026-03-11T10:14:16.756231,24.4,25.876556883334274,98.64999999999931
2026-03-11T10:14:16.756452,24.4,25.502952856394533,98.6399999999993
2026-03-11T10:14:16.756600,24.39,25.332336917718543,98.6299999999993
2026-03-11T10:14:16.756736,24.39,24.790641828770084,98.6199999999993
2026-03-11T10:14:16.756890,24.42,24.786416046362184,98.60999999999929
2026-03-11T10:14:16.757097,24.38,24.267216729463318,98.59999999999928
2026-03-11T10:14:16.757268,24.39,23.775112271414805,98.58999999999928
2026-03-11T10:14:16.757418,24.4,23.426517752611943,98.57999999999927
2026-03-11T10:14:16.757556,24.4,23.314828587110526,98.56999999999927
2026-03-11T10:14:16.757682,24.39,22.703735345674964,98.55999999999926
2026-03-11T10:14:16.757803,24.39,22.586794420575355,98.54999999999926
2026-03-11T10:14:16.757998,24.37,22.038555515088152,98.53999999999925
2026-03-11T10:14:16.758186,24.41,21.820055174684278,98.52999999999925
2026-03-11T10:14:16.758379,24.36,20.834696249144912,98.51999999999924
2026-03-11T10:14:16.758561,24.38,20.383746503036637,98.50999999999924
2026-03-11T10:14:16.758721,24.37,19.739517483174716,98.49999999999923
2026-03-11T10:14:16.758879,24.37,19.454372653490907,98.48999999999923
2026-03-11T10:14:16.759106,24.39,19.160784698572193,98.47999999999922
2026-03-11T10:14:16.759283,24.34,18.446867574790836,98.46999999999922
2026-03-11T10:14:16.759439,24.32,18.084204939474734,98.45999999999921
2026-03-11T10:14:16.759564,24.3,17.731414658985607,98.4499999999992
2026-03-11T10:14:16.759687,24.29,17.642867537790163,98.4399999999992
2026-03-11T10:14:16.759802,24.19,16.796864121695275,98.4299999999992
2026-03-11T10:14:16.759993,24.14,16.038529382564395,98.41999999999919
2026-03-11T10:14:16.760132,24.1,15.637245760095702,98.40999999999919
2026-03-11T10:14:16.760257,24.04,15.156976164077676,98.39999999999918
2026-03-11T10:14:16.760381,23.99,14.707866784041473,98.38999999999918
2026-03-11T10:14:16.760571,23.99,14.7011409587375,98.37999999999917
2026-03-11T10:14:16.760725,23.89,14.065288590413774,98.36999999999917
2026-03-11T10:14:16.760863,23.83,13.798444087462721,98.35999999999916
2026-03-11T10:14:16.760990,23.82,13.605149621864769,98.34999999999916
2026-03-11T10:14:16.761156,23.75,13.18856506159252,98.33999999999915
2026-03-11T10:14:16.761335,23.69,12.875148676593207,98.32999999999915
2026-03-11T10:14:16.761457,23.65,12.497614332632129,98.31999999999914
2026-03-11T10:14:16.761574,23.47,11.622617435275528,98.30999999999914
2026-03-11T10:14:16.761703,23.39,11.058716153929906,98.29999999999913
2026-03-11T10:14:16.761832,23.33,10.772557591324267,98.28999999999913
2026-03-11T10:14:16.761951,23.27,10.35351916670135,98.27999999999912
2026-03-11T10:14:16.762067,23.22,10.039283037057839,98.26999999999911
2026-03-11T10:14:16.762182,23.13,9.611586561242884,98.25999999999911
2026-03-11T10:14:16.762320,23.08,9.392892964274049,98.2499999999991
2026-03-11T10:14:16.762451,23.03,9.151892517084399,98.2399999999991
2026-03-11T10:14:16.762646,22.87,8.221229649115044,98.2299999999991
2026-03-11T10:14:16.762793,22.72,7.432155020537968,98.21999999999909
2026-03-11T10:14:16.762927,22.69,7.207744451313942,98.20999999999908
2026-03-11T10:14:16.763064,22.59,6.672113366800219,98.19999999999908
2026-03-11T10:14:16.763193,22.46,5.818460883109138,98.18999999999907
2026-03-11T10:14:16.763321,22.43,5.500791724802118,98.17999999999907
2026-03-11T10:14:16.763449,22.4,5.180932769093747,98.16999999999906
2026-03-11T10:14:16.763568,22.33,4.6892302022155725,98.15999999999906
2026-03-11T10:14:16.763698,22.3,4.358803939052165,98.14999999999905
2026-03-11T10:14:16.763823,22.23,4.00389957640451,98.13999999999905
2026-03-11T10:14:16.763950,22.17,3.3300741320520375,98.12999999999904
2026-03-11T10:14:16.764087,22.17,3.285862264062353,98.11999999999904
2026-03-11T10:14:16.764201,22.18,3.2265923488729857,98.10999999999903
2026-03-11T10:14:16.764328,22.15,2.9223905497779223,98.09999999999903
2026-03-11T10:14:16.764452,22.14,2.8211419291388706,98.08999999999902
2026-03-11T10:14:16.764579,22.08,2.511461615114816,98.07999999999902
2026-03-11T10:14:16.764707,22.04,1.9136660804237766,98.06999999999901
2026-03-11T10:14:16.764847,22.03,1.493137605454889,98.05999999999901
2026-03-11T10:14:16.764965,22.0,0.6793793349984356,98.049999999999
2026-03-11T10:14:16.765082,22.0,0.21636472378346105,98.039999999999
2026-03-11T10:14:16.765196,22.0,0.0,98.02999999999899
2026-03-11T10:35:24.987210,24.48,49.03354646430786,99.99,25.0
2026-03-11T10:35:24.987439,24.47,48.79193308038483,99.99,5.0
2026-03-11T10:35:24.987606,24.47,49.348248658892494,99.99,25.0
2026-03-11T10:35:24.987793,24.37,49.348248658892494,99.99,40.0
2026-03-11T10:35:24.988747,25.16,99.08628786003503,99.99,25.0
2026-03-11T10:35:25.994476,25.13,98.28685390491195,99.97999999999999,25.0
2026-03-11T10:35:26.999259,25.13,97.72592831548901,99.96999999999998,25.0
2026-03-11T10:35:28.011994,25.09,97.24501480465169,99.95999999999998,25.0
2026-03-11T10:35:29.026499,25.09,97.00342097139713,99.94999999999997,25.0
2026-03-11T10:35:30.040018,25.07,96.64723124878749,99.93999999999997,25.0
2026-03-11T10:35:31.053891,24.99,95.66868563423121,99.92999999999996,25.0
2026-03-11T10:35:32.067539,24.96,95.38534561275416,99.91999999999996,25.0
2026-03-11T10:35:33.073026,24.96,95.0889300207589,99.90999999999995,25.0
2026-03-11T10:35:34.080199,24.92,94.76326539046103,99.89999999999995,25.0
2026-03-11T10:36:05.154455,24.48,49.03354646430786,99.99,25.0
2026-03-11T10:36:05.154700,24.47,48.79193308038483,99.99,5.0
2026-03-11T10:36:05.154868,24.47,49.348248658892494,99.99,25.0
2026-03-11T10:36:05.155024,24.37,49.348248658892494,99.99,40.0
2026-03-11T10:36:05.157597,25.16,99.08628786003503,99.99,25.0
2026-03-11T10:36:06.159233,25.13,98.28685390491195,99.97999999999999,25.0
2026-03-11T10:36:07.160905,25.13,97.72592831548901,99.96999999999998,25.0
2026-03-11T10:36:08.182829,25.09,97.24501480465169,99.95999999999998,25.0
2026-03-11T10:36:09.191349,25.09,97.00342097139713,99.94999999999997,25.0
2026-03-11T10:36:10.204653,25.07,96.64723124878749,99.93999999999997,25.0
2026-03-11T10:36:11.210632,24.99,95.66868563423121,99.92999999999996,25.0
2026-03-11T10:36:12.226715,24.96,95.38534561275416,99.91999999999996,25.0
2026-03-11T10:36:13.237620,24.96,95.0889300207589,99.90999999999995,25.0
2026-03-11T10:36:14.240466,24.92,94.76326539046103,99.89999999999995,25.0
2026-03-11T10:36:41.669854,24.48,49.03354646430786,99.99,25.0
2026-03-11T10:36:41.670108,24.47,48.79193308038483,99.99,5.0
2026-03-11T10:36:41.670319,24.47,49.348248658892494,99.99,25.0
2026-03-11T10:36:41.670486,24.37,49.348248658892494,99.99,40.0
2026-03-11T10:36:41.671199,25.16,99.08628786003503,99.99,25.0
2026-03-11T10:36:42.674380,25.13,98.28685390491195,99.97999999999999,25.0
2026-03-11T10:36:43.686162,25.13,97.72592831548901,99.96999999999998,25.0
2026-03-11T10:36:44.691710,25.09,97.24501480465169,99.95999999999998,25.0
2026-03-11T10:36:45.697105,25.09,97.00342097139713,99.94999999999997,25.0
2026-03-11T10:36:46.713082,25.07,96.64723124878749,99.93999999999997,25.0
2026-03-11T10:36:47.725806,24.99,95.66868563423121,99.92999999999996,25.0
2026-03-11T10:36:48.738109,24.96,95.38534561275416,99.91999999999996,25.0
2026-03-11T10:36:49.744397,24.96,95.0889300207589,99.90999999999995,25.0
2026-03-11T10:36:50.745757,24.92,94.76326539046103,99.89999999999995,25.0
2026-03-11T10:42:35.059242,25.18,99.49748424476876,99.99,25.02849397167063
2026-03-11T10:42:35.059490,25.18,99.3948473942618,99.97999999999999,25.037213912269827
2026-03-11T10:42:35.059664,25.18,98.83828837233726,99.96999999999998,25.071981865676204
2026-03-11T10:42:35.059834,25.14,98.10774937992805,99.95999999999998,25.11645415720332
2026-03-11T10:42:35.060049,25.1,97.5212285334338,99.94999999999997,25.152798096400407
2026-03-11T10:42:35.060259,25.13,97.41049198984366,99.93999999999997,25.15931100297964
2026-03-11T10:42:35.060435,25.05,96.59572930148282,99.92999999999996,25.207509655014967
2026-03-11T10:42:35.060590,25.04,96.38550464027252,99.91999999999996,25.21999484929313
2026-03-11T10:42:35.060764,24.97,95.45618734206407,99.90999999999995,25.277680014594456
2026-03-11T10:42:35.060969,24.91,94.94259979543448,99.89999999999995,25.30943451149452
2026-03-11T10:42:35.061139,24.88,94.38514925851237,99.88999999999994,25.33953710482713
2026-03-11T10:42:35.061296,24.82,93.50867444853202,99.87999999999994,25.389204161083654
2026-03-11T10:42:35.061590,24.85,93.48393514697125,99.86999999999993,25.3876198688435
2026-03-11T10:42:35.061821,24.8,93.06171765055613,99.85999999999993,25.40927055767108
2026-03-11T10:42:35.062019,24.75,92.56326256668505,99.84999999999992,25.436800120773494
2026-03-11T10:42:35.062195,24.72,91.81311577633889,99.83999999999992,25.478749201866187
2026-03-11T10:42:35.062355,24.67,90.89636113924168,99.82999999999991,25.52996327272074
2026-03-11T10:42:35.062502,24.67,89.9701280191112,99.81999999999991,25.5804010375254
2026-03-11T10:42:35.062719,24.69,89.94475188120254,99.8099999999999,25.576478938506483
2026-03-11T10:42:35.062938,24.71,89.89586417418722,99.7999999999999,25.57236652733274
2026-03-11T10:42:35.063234,24.7,89.79328779383523,99.78999999999989,25.576759656762956
2026-03-11T10:42:35.063487,24.67,89.31117467920774,99.77999999999989,25.601904948078825
2026-03-11T10:42:35.063722,24.68,88.68450417186085,99.76999999999988,25.638075564797745
2026-03-11T10:42:35.063961,24.69,87.75503948177445,99.75999999999988,25.689439008707264
2026-03-11T10:42:35.064209,24.69,87.19524342858779,99.74999999999987,25.718146537947668
2026-03-11T10:42:35.064422,24.67,86.39544142592787,99.73999999999987,25.75957121488377
2026-03-11T10:42:35.064622,24.67,85.5109913300214,99.72999999999986,25.80646390799028
2026-03-11T10:42:35.064885,24.67,85.24195539455036,99.71999999999986,25.81452029956139
2026-03-11T10:42:35.065202,24.68,84.64468217919188,99.70999999999985,25.84479738728991
2026-03-11T10:42:35.065446,24.7,84.1551646516717,99.69999999999985,25.867502869838308
2026-03-11T10:42:35.065686,24.48,49.03354646430786,99.99,25.0
2026-03-11T10:42:35.065970,24.47,48.79193308038483,99.99,5.0
2026-03-11T10:42:35.066256,24.47,49.348248658892494,99.99,25.0
2026-03-11T10:42:35.066527,24.37,49.348248658892494,99.99,40.0
2026-03-11T10:42:35.067555,25.19,99.53725622879925,99.99,25.03087520615881
2026-03-11T10:42:36.076912,25.18,98.97633063937631,99.97999999999999,25.064493069270984
2026-03-11T10:42:37.090337,25.14,98.42323242347767,99.96999999999998,25.097514296756483
2026-03-11T10:42:38.102597,25.15,98.06704270086803,99.95999999999998,25.1187621480508
2026-03-11T10:42:39.115470,25.06,97.12234166164949,99.94999999999997,25.1778927770243
2026-03-11T10:42:40.125491,25.08,96.82592606965422,99.93999999999997,25.192694660858674
2026-03-11T10:42:41.139774,25.02,96.36058420579388,99.92999999999996,25.218182612473978
2026-03-11T10:42:42.152444,25.01,95.79660133151542,99.91999999999996,25.251522292115222
2026-03-11T10:42:43.167676,24.91,94.93225402019822,99.90999999999995,25.301440784792746
2026-03-11T10:42:44.182004,24.87,94.21513725183891,99.89999999999995,25.34162388913191
